2774 4702
588 540 641 591 AD

357 705 865 786 SERENISSIMUM

72 982 81 994 ·
210 912 1022 1032 DELPHINUM

351 1186 638 1265 PHILIPPUS
676 1184 878 1264 SILVIUS

509 1378 553 1444 Τ.
567 1377 606 1441 Ε.
622 1374 662 1442 G.
678 1377 721 1442 P.

459 1650 763 1663 ffl-

199 1887 285 1979 Cm
302 1914 392 1979 dono
405 1913 551 1999 lepidum
566 1913 704 1979 usurum
718 1912 842 1981 catum

197 2015 472 2081 Commentariolc
483 2033 574 2081 novo
588 2015 820 2098 explicatuml

195 2114 227 2180 0
244 2116 437 2195 Dauum,
451 2118 526 2182 tibi.
570 2117 730 2201 Namque
742 2123 780 2181 tu
793 2116 925 2183 solebas

197 2216 321 2282 Catulli
335 2217 497 2297 Veneres,
511 2218 729 2303 facetiaeque,

196 2316 437 2403 Urbanumque
450 2320 568 2398 salem,
582 2320 842 2405 elegantiusque,

195 2416 312 2498 Risus,
327 2420 480 2499 delicias,
491 2420 592 2505 jocos
606 2422 754 2500 dicaces,

197 2518 300 2601 Ipsus
315 2541 391 2587 esse
405 2522 533 2606 aliquid
547 2530 668 2607 putare
680 2542 797 2605 nugas,

194 2617 218 2683 J
220 2640 274 2682 am
286 2625 370 2695 lum,
385 2642 463 2687 cum
478 2623 631 2687 manibus
644 2624 712 2687 tuis
726 2623 901 2702 Marones,

198 2719 422 2801 Flaccosque,
436 2721 471 2781 et
484 2720 624 2780 Senecae
639 2735 773 2799 gravem
788 2726 994 2799 cothurnum,

197 2821 244 2884 Et
258 2820 288 2885 si
303 2819 385 2903 quid
398 2818 509 2883 Latiis
521 2817 632 2882 modis
647 2817 823 2885 Gamoeuae

197 2921 334 2986 Plectra
349 2938 498 3004 unquam
514 2921 663 2985 cecinere
676 2922 856 3003 grandiori,

196 3023 394 3100 Tractabas,
407 3022 527 3104 viffl‘les
539 3024 574 3086 et
588 3022 632 3086 ud
646 3023 801 3088 lucernas

196 3122 338 3206 Arpinis
353 3123 461 3188 aciem
474 3141 577 3205 usquc
590 3130 626 3187 et
639 3142 750 3206 usque
764 3125 904 3203 chartis,

200 3224 421 3306 Defixumque
435 3223 580 3287 animum
595 3223 735 3289 aemulus
749 3227 902 3306 tenebas3

195 3322 268 3389 Aut
281 3344 343 3409 per
358 3324 576 3388 Romulidum
594 3323 705 3407 priora
718 3325 826 3389 saecla

198 3426 398 3503 Decurreus,
414 3425 571 3501 Dominae
586 3426 700 3509 ampla
711 3424 783 3491 fata
798 3424 934 3504 Rumoe,

196 3526 358 3593 Altn'cem
372 3526 496 3609 Populi
510 3527 644 3611 Lupum
655 3526 790 3610 Toguti,

196 3628 402 3706 Praetextas,
413 3627 578 3706 Trabeas,
590 3628 681 3695 feras
693 3629 845 3708 Secures,

197 3729 352 3795 Miuuces
364 3727 521 3814 Aquilae,
537 3730 673 3808 Forum,
685 3732 859 3810 Senatum,

199 3831 340 3910 Fasces,
355 3832 485 3915 praelia,
499 3831 730 3917 foederumque
741 3833 838 3911 ritus,

198 3933 386 4016 legesque,
400 3939 436 3998 et
450 3932 566 4013 Sacra,
582 3932 867 4018 Caerimoniusque

199 4032 328 4098 Divum
342 4034 554 4118 multiplices,
569 4036 707 4112 theatra,
721 4036 877 4111 thermas,

132 4134 223 4198 Deus.
235 4135 329 4185 echr.
344 4135 409 4184 Clas.
615 4134 695 4184 Cutul.
