2774 4702
137 318 203 387 800
484 335 514 382 c.
540 334 700 383 vrnnmr
725 335 890 384 caruem

139 477 200 544 Nil
215 476 417 543 immundius
431 477 510 555 hoc,
526 477 695 562 nihiloque
708 478 911 544 immundius
927 479 1020 545 illud.

181 578 307 643 Verum
322 580 419 644 etiam
435 578 530 657 culus
545 580 698 646 mundior
712 587 745 646 et
759 581 896 665 melier:
1028 588 1034 597 '

138 678 230 744 Nam
245 681 317 744 sine
332 679 487 746 dentibus
500 689 564 746 est.
609 681 691 746 Hoc
706 683 824 747 dentes
838 683 1104 768 sesquipedales,
1228 689 1250 751 5

181 783 345 866 Gingivas
358 803 438 850 vero
454 785 605 868 ploxemi
619 785 721 851 habet
735 787 879 851 veteris:

139 893 308 957 Praeterea
321 895 451 972 rictum,
466 894 598 977 qualem
611 893 760 958 diffissus
775 897 810 957 in
826 900 914 960 aestu

182 991 341 1059 Meieniis
355 995 454 1060 mulae
470 1015 597 1059 cunnus
608 996 730 1061 habere
745 998 845 1062 solet.

140 1092 210 1159 Hic
225 1095 325 1160 futuit
335 1095 471 1175 multae,
486 1103 521 1160 et
535 1116 572 1160 se
586 1095 670 1160 facit
684 1115 759 1160 esse
773 1105 949 1162 venustum
962 1117 971 1178 ;

155 1268 159 1273 ⁵
185 1195 230 1262 Et
245 1215 310 1260 non
324 1197 466 1280 pistrino
478 1196 621 1261 traditur
636 1203 737 1282 atque
755 1198 874 1261 asinol
1207 1201 1252 1266 10

139 1375 239 1433 AEsrilio
247 1392 257 1435 ‚·
272 1377 335 1427 nillil
350 1378 459 1426 soimeri
474 1376 592 1426 sordidius
609 1376 774 1438 misererier
789 1375 896 1439 atrisque
912 1375 1008 1425 AEmilli
1022 1375 1138 1439 willer.
1174 1379 1252 1432 Imm

139 1457 194 1492 reru
204 1456 264 1490 usas
273 1442 324 1503 ejus
339 1447 374 1491 est
389 1442 483 1506 purior,
497 1447 520 1490 et
536 1442 636 1499 terdon·
659 1445 724 1490 caree
741 1441 805 1490 raim
821 1440 938 1490 dentibus.
973 1441 1009 1489 Os
1018 1446 1097 1491 uelem
1111 1442 1163 1504 eius
1179 1445 1253 1496 dedet

141 1508 222 1557 desta
231 1506 301 1555 errius
310 1507 377 1570 pedis
387 1521 439 1555 cum
449 1506 558 1568 dimidio,
569 1511 592 1554 et
603 1519 696 1554 carcre
703 1519 779 1568 capre
789 1504 909 1566 gingiuae.
942 1503 958 1534 ‘¹'
989 1503 1004 1534 ⁴¹
1037 1504 1052 1535 '¹

600 1629 783 1650 OM

96 1758 99 1763 y
140 1698 167 1748 in
176 1699 294 1755 omnibns
306 1699 374 1749 Stat.
387 1699 463 1751 codd.
475 1705 505 1748 ut
516 1700 574 1762 syll,
582 1714 622 1748 am
631 1713 681 1748 non
694 1698 814 1762 elidatur,
825 1698 894 1763 quod
905 1697 1028 1763 frequens
1040 1706 1083 1749 ert
1099 1713 1141 1762 ap.
1154 1700 1253 1752 Catuli.

144 1763 261 1813 Utrumne
271 1778 334 1813 osen
343 1764 408 1827 legit
418 1765 500 1814 Guar.
512 1764 545 1812 P.
558 1764 627 1840 qnod
637 1778 724 1814 veram
735 1768 793 1813 esre
805 1769 870 1812 vett.
881 1762 957 1813 codd.
967 1764 1123 1827 scripturam
1135 1770 1252 1815 testatus

140 1833 181 1876 ert
192 1826 327 1876 Muretus:
343 1826 440 1879 Arent.
451 1828 503 1890 legi
510 1828 599 1890 jussit,
613 1829 700 1876 Utrum
709 1842 734 1876 or
745 1843 775 1876 aa
791 1828 867 1876 culum
877 1828 928 1890 ipse
939 1826 1120 1885 olfacerem—8
1138 1827 1171 1876 in
1182 1829 1252 1880 Stat.

139 1889 218 1940 codd.
236 1891 322 1939 Nihilo
338 1891 445 1940 mundius
454 1892 497 1941 lroc
507 1891 619 1952 nobisque
635 1890 764 1939 immidlus
780 1890 857 1948 illum·
878 1892 928 1954 vel,
946 1888 1195 1940 Mandiesdoecnidil
1204 1898 1252 1956 est,

139 1953 250 2017 nobisque
259 1954 400 2002 immundius
411 1955 472 2002 illud
480 1971 491 2010 ,·
501 1953 570 2002 unde
579 1954 647 2002 Stat.
671 1954 756 2002 Nihilo
766 1954 878 2003 mundius
886 1955 929 2002 doc
945 1954 1010 2004 robis
1020 1969 1100 2016 quam,
1116 1961 1146 2003 ut
1164 1955 1252 2004 Nihilo

140 2031 192 2066 vox
208 2019 242 2065 sit
258 2017 411 2080 dissyllabar
429 2017 455 2065 in
474 2019 580 2066 Veneti
596 2016 667 2065 Brix.
686 2018 791 2068 vicent.
804 2024 832 2068 et
843 2020 926 2083 Rheg.
954 2019 1197 2068 Mmdiuslocrrilril
1205 2025 1252 2082 est,

139 2080 252 2143 soiisqu
269 2081 412 2130 immundius
426 2081 487 2130 illud
509 2081 636 2145 probante
657 2082 759 2141 Statio;
779 2082 805 2130 in
827 2083 914 2135 Palat.
934 2098 959 2147 p.
979 2082 1052 2131 Niriz
1072 2084 1184 2132 maier
1198 2084 1252 2147 lior,

140 2145 249 2207 nomque
267 2145 411 2194 immundius
430 2145 505 2204 illud‚·
522 2146 548 2193 in
570 2146 695 2196 Commel.
710 2145 764 2195 illoc
783 2159 831 2208 pro
849 2147 927 2206 illud3
948 2147 975 2195 in
992 2145 1055 2195 Ald.
1072 2145 1148 2196 Junt.
1164 2147 1252 2198 Coliu.

140 2207 243 2273 Gryph.
254 2208 325 2259 Mar.
335 2209 405 2262 stat,
416 2208 500 2259 Hem.
513 2210 600 2259 Groev.
612 2215 641 2258 ct
652 2209 731 2273 Vulp.
750 2210 797 2258 Nil
811 2211 953 2260 immundius
970 2211 1021 2271 hoc,
1031 2208 1093 2258 nillil
1102 2216 1138 2260 eei
1149 2212 1252 2261 imrnrrrs

141 2272 195 2322 dire
205 2273 264 2331 illo,-
274 2271 320 2322 eed
330 2273 409 2336 Vulp.
423 2273 488 2337 vult,
507 2274 553 2322 Nil
567 2273 712 2323 immundius
727 2274 780 2338 doc,
797 2274 859 2323 nillil
876 2289 916 2323 ore
932 2274 1088 2323 immundius:
1105 2273 1146 2324 illo
1162 2275 1252 2326 Verres

141 2336 214 2387 etium
222 2337 289 2386 culus
299 2337 409 2387 mundior
418 2342 441 2387 et
452 2338 543 2388 melior.
576 2338 700 2388 Nostram
711 2337 773 2388 lect.
782 2352 815 2386 ex
825 2338 902 2387 codd.
915 2338 1077 2387 commendat
1089 2337 1160 2387 Scal.
1172 2353 1251 2404 quem

141 2401 226 2451 secuti
237 2407 297 2451 sunt
314 2402 389 2450 Voss.
402 2403 480 2452 Cant.
495 2402 545 2451 Ed.
564 2416 640 2452 onon.
657 2402 766 2453 Corrad.
784 2401 859 2452 Gott.
876 2408 904 2450 et
921 2403 1030 2464 uin-5
1049 2401 1101 2450 Hie
1116 2404 1200 2452 denter
1216 2417 1251 2452 ex

142 2464 220 2514 codd.
231 2465 284 2514 suis
296 2465 393 2529 probet
412 2467 529 2516 Stat-c
546 2464 643 2516 Arent.
662 2466 713 2528 legi
730 2465 818 2529 jussit,
835 2466 956 2529 ploximir
973 2465 1017 2514 alii
1035 2465 1127 2529 legunt
1143 2467 1251 2528 phuni,

141 2530 185 2579 rel
194 2530 298 2594 obsim,
316 2529 387 2595 quod
407 2531 503 2580 rectius
521 2530 599 2579 scribi
619 2530 733 2579 ostendit
743 2532 868 2579 Voss—⁷
885 2529 918 2579 ln
934 2531 1042 2580 Veneti.
1058 2529 1133 2578 Brix.
1143 2531 1252 2581 Vicent.

142 2601 170 2643 et
189 2594 306 2644 omnibus
325 2593 402 2645 codd.
421 2596 512 2657 qucum
534 2592 638 2654 deferrer
655 2594 681 2642 in
703 2598 797 2655 esium,
819 2593 988 2656 improbante
1004 2592 1085 2644 Doer.
1107 2595 1252 2656 occime-

138 2656 217 2718 sessus
232 2659 259 2708 in
277 2663 337 2710 astu
358 2658 384 2708 in
403 2656 465 2708 Aru.
484 2658 560 2709 sunt.
581 2657 665 2708 Colin.
693 2657 795 2724 Gryph.
820 2659 890 2707 Mur.
910 2657 992 2709 Henr.
1011 2663 1039 2708 et
1059 2657 1151 2708 Gran.
1173 2659 1251 2709 Lect.

646 2803 753 2855 NOTAE

143 2930 201 2967 cem
212 2914 328 2977 videbat,
339 2915 470 2977 zelotypia
481 2915 577 2965 ductus
592 2915 676 2966 Polite
716 2917 792 2966 muira
809 2930 907 2965 cunnus
925 2917 1052 2980 inversus,
1063 2912 1167 2981 quando
1186 2915 1253 2965 min·

143 2990 395 3055 exagitat‚.ejusque
414 2991 466 3040 oris
487 2990 631 3042 foeditatem
648 2998 676 3041 et
717 2991 763 3055 git.
995 3029 999 3036 ,

144 3065 349 3133 graveolentiam
359 3067 509 3116 insectatur.
752 3065 864 3129 Qualem]
881 3066 989 3115 Scilicet
1001 3067 1104 3115 rictum.

175 3141 318 3192 dPlosemi
336 3141 433 3204 ceteris]
464 3141 573 3194 Quintil.
588 3140 675 3192 Instit.
749 3146 765 3191 8
789 3143 915 3206 Meientr'r]
948 3142 981 3191 Id
1000 3148 1049 3206 ert,
1063 3141 1207 3207 mingentii
1225 3144 1251 3193 in

144 3219 222 3269 Orat.
233 3217 279 3267 lib.
291 3231 310 3267 r.
322 3216 474 3267 vocabulum
486 3218 535 3268 hoc
547 3232 563 3267 a
573 3217 677 3268 Catullo
717 3222 793 3280 astu,
802 3219 864 3282 quia
873 3225 935 3267 tunc
946 3217 1030 3267 laxior
1041 3217 1108 3267 solet
1119 3231 1186 3270 esee.

144 3295 216 3345 circa
232 3293 336 3343 Pedum
356 3292 422 3342 dicit
441 3292 592 3354 inventum3
617 3293 677 3358 qnia
749 3295 765 3340 9
783 3291 845 3354 Hic]
862 3291 968 3340 Scilicet
979 3291 1103 3340 AEmilius.

143 3369 246 3420 scilicet
254 3369 370 3419 Catullus
379 3368 435 3431 ipse
447 3369 480 3418 de
492 3369 596 3432 regione
605 3374 677 3418 esset
749 3369 837 3418 Fuluii
848 3367 943 3429 munos]
959 3366 1066 3416 Scilicet
1075 3366 1208 3419 mulieres.

144 3443 328 3507 Transpadana
339 3445 499 3494 Veronensi:
525 3444 572 3494 sed
588 3451 676 3494 tamen
748 3445 820 3493 Etsr
832 3443 898 3503 sarit
914 3456 964 3492 esre
980 3441 1114 3503 emunim]
1146 3443 1180 3492 Id
1199 3450 1251 3509 est,

144 3519 207 3585 quid
226 3518 364 3592 significet,
381 3532 433 3568 non
450 3520 543 3583 aperit.
584 3520 677 3569 Festus
711 3519 799 3583 jactat
810 3532 839 3567 se
850 3531 907 3567 esse
918 3517 1070 3582 pulchrum:
1088 3530 1122 3566 ex
1139 3533 1171 3568 eo
1182 3520 1253 3585 quod

146 3600 233 3645 autem
245 3593 282 3642 ait
293 3593 302 3621 ‘
312 3593 474 3656 ploxemum’
491 3600 607 3645 veterem
618 3607 675 3643 esre
717 3607 774 3643 cnm
785 3593 873 3642 multis
885 3607 939 3642 rem
951 3592 1057 3656 habeat,
1066 3598 1159 3655 postea
1169 3607 1205 3645 ex
1213 3595 1252 3645 in-

145 3669 295 3734 capsulam
306 3668 330 3718 oi
340 3667 479 3718 iteIEmilii
487 3668 601 3732 gingivas
609 3683 677 3718 com·
718 3668 866 3733 dignatione
878 3666 968 3718 infert.

143 3743 676 3811 psmbitCatullurcapsuveteriatineir
749 3750 781 3796 lt)
798 3747 888 3795 Etrus
901 3743 1133 3809 pistrinoiradiisr]
1168 3744 1255 3798 Queri

145 3834 256 3873 corrosa
269 3825 297 3870 et
307 3833 404 3870 exesa·
716 3822 826 3885 diceret,
838 3821 942 3885 dignior
953 3825 1021 3869 esset
1039 3819 1083 3884 qui
1095 3818 1196 3869 asinum
1214 3821 1254 3870 in·

177 3901 193 3946 ’1
211 3897 332 3946 &mereo
342 3893 441 3958 rictum]
462 3893 552 3945 Rictus
564 3899 606 3945 est
616 3909 675 3946 curu
716 3898 814 3950 citaret
829 3896 862 3946 ad
880 3894 1032 3947 versandam
1043 3893 1149 3957 pistrini
1159 3903 1255 3953 rotam.

144 3984 174 4022 os
189 3977 309 4037 apertum
328 3977 455 4033 tenemus,
466 3972 507 4022 vel
518 3978 627 4039 propter
643 3974 676 4024 ri·
717 3972 908 4039 Interrogatlve
920 3977 1007 4022 autem
1017 3970 1067 4020 hoc
1083 3968 1195 4035 proferri
1208 3971 1255 4021 de·

145 4062 211 4112 rum,
228 4051 270 4099 vel
287 4048 364 4100 aliam
381 4049 414 4100 ob
432 4063 544 4100 cansam.
582 4049 676 4102 Horat·
717 4050 773 4110 bet,
784 4056 812 4099 et
823 4063 908 4099 sermo
924 4049 979 4114 ipre
994 4047 1075 4098 habet
1090 4045 1201 4098 mixtam
1212 4062 1254 4100 re·

144 4121 153 4150 ⁴
164 4124 235 4188 Ergo
245 4137 296 4175 uon
306 4124 369 4175 satis
380 4131 420 4175 est
430 4124 485 4179 risu
496 4124 619 4176 diducere
628 4126 676 4177 ric·
716 4124 923 4193 prehensionem.

145 4196 222 4249 tum!
250 4198 455 4268 Rictus,inqult‚
466 4199 560 4254 AEmilll
572 4201 677 4256 ridetur
775 4207 778 4217 ’
