2774 4702
136 293 202 358 242
485 307 516 353 c.
543 305 697 352 veisun
721 278 886 352 ceruum

181 451 272 530 Quid
285 449 409 514 facient
423 448 541 524 crines,
558 466 633 511 cum
646 446 731 510 ferro
742 446 823 509 tolia
838 446 975 522 cedenti

221 552 367 634 Jupiter,
382 554 419 612 ut
432 548 607 633 Chalybon
623 568 719 613 omne
733 568 841 629 genus·
852 555 981 632 pereat:

180 655 224 718 Et
237 654 295 736 qui
308 651 472 734 principio
486 651 548 713 sub
563 655 650 713 terra
663 668 810 732 quaerere
824 667 928 713 venas

223 753 360 830 Institit,
376 771 417 815 ac
432 750 510 814 serri
524 749 645 831 fingere
660 750 832 815 duritiem!
914 786 917 791 ·

181 852 361 937 Abjnnctae
377 851 480 934 paulo
496 856 573 914 unte
589 869 694 916 comae
708 852 866 915 meelate
879 870 1009 916 sorores

225 954 406 1034 Lugebant,
422 970 499 1017 cum
513 969 550 1016 se
566 949 755 1016 Memnonis
768 952 940 1035 AEthiopis
987 998 989 1003 -

137 1167 227 1230 capilli,
237 1164 420 1228 qundoquidem
428 1178 467 1214 res
477 1163 589 1224 riumodi
596 1162 667 1223 serre
677 1163 785 1215 redum?
817 1165 958 1228 OJepiter,
967 1165 1058 1213 utinum
1067 1167 1149 1226 pereat
1159 1167 1238 1212 toties

135 1245 212 1294 gersus
230 1228 374 1305 Cliulpium:
396 1232 421 1276 et
438 1228 540 1291 quisqutis
554 1228 624 1276 initio
641 1242 720 1277 rerum
733 1228 824 1292 primus
836 1229 906 1291 ooepit
923 1229 1066 1289 investigare
1082 1227 1148 1276 istra
1164 1231 1238 1275 term

136 1290 499 1354 eieceruferrsfodisusejusqrre
507 1292 601 1340 demere
609 1292 745 1341 duritotm.
780 1293 1238 1354 Comoesororesmeoe,quaerernnnse·

139 1364 200 1407 runt
212 1356 239 1405 in
250 1356 337 1419 eapite
350 1355 500 1418 Berenices,
513 1356 582 1418 patrio
597 1360 652 1406 unte
666 1370 682 1405 s
698 1370 740 1406 me
756 1361 880 1420 mute,
896 1368 948 1406 meo
962 1355 1080 1420 dejiciunt
1094 1353 1238 1416 isforwsiu,

599 1497 779 1518 W

140 1594 239 1644 astl.
251 1594 322 1644 Flue.
335 1608 353 1642 s.
365 1598 389 1642 3.
410 1607 536 1656 prorupere
554 1594 580 1642 in
597 1594 657 1643 edd.
679 1600 742 1643 vett.
766 1596 873 1656 irrupere
891 1593 958 1656 conj.
972 1591 1068 1641 Arent.
1083 1590 1153 1653 quod
1164 1604 1238 1639 rece·

139 1665 234 1721 petunt
255 1658 315 1707 Ald.
338 1658 438 1721 Gryplr.
459 1658 528 1707 Mur.
549 1657 638 1706 Graev.
662 1658 773 1718 pepulere
792 1657 859 1718 conj.
879 1657 946 1706 Stat.
970 1669 1111 1718 propereque
1131 1654 1238 1705 Marcii.

138 1721 421 1835 sntitquepngeptionpym
428 1719 640 1833 propepurpcdettlit
646 1719 717 1833 getii.
729 1719 908 1832 ”tcinfirnitti'vls
919 1732 966 1830 ppp
975 1717 1140 1830 depnppoplit.
1154 1719 1237 1830 {saecli

138 1799 353 1834 nosrueeur
396 1798 534 1833 ossroer
567 1798 630 1833 eu
703 1797 730 1830 ιιι
771 1797 825 1832 eu.
866 1797 919 1831 u.
985 1796 1027 1831 e.
1113 1807 1153 1830 .-
1220 1795 1238 1829 ιι

138 1848 256 1899 omnibus
275 1848 343 1897 Stat.
365 1846 441 1897 codd.
461 1820 489 1896 r'et
507 1846 567 1895 edd.
583 1798 720 1910 iurique.
738 1845 832 1894 celicum
838 1860 848 1903 ,·
865 1796 954 1895 Pfrtu.
967 1844 1079 1894 inBtix.
1093 1843 1237 1903 dedittels'·

138 1927 206 1967 rumr
218 1911 244 1959 in
254 1911 321 1960 Seel.
330 1910 386 1960 cod.
397 1911 499 1970 telitem,
509 1908 590 1973 (quod
602 1918 628 1958 et
640 1910 689 1970 legi
700 1911 780 1973 possit
790 1908 907 1973 relieum,)
917 1922 951 1958 ex
962 1923 1013 1971 quo
1023 1906 1089 1957 feeit
1098 1907 1238 1966 siceliensr

139 1989 217 2036 quem
227 1973 287 2022 vide
299 1974 368 2022 inter
380 1974 516 2021 Veriorunr
528 1973 628 2023 Notus:
648 1973 792 2023 Politiunus
803 1974 901 2037 primus
912 1987 944 2022 ex
955 1971 1004 2021 hoe
1017 1971 1239 2033 Fragmucsllim.

138 2038 182 2085 Ζεῦ
192 2034 274 2100 πάτερ,
283 2037 315 2085 ὣς
327 2036 445 2092 Χαλύβων
458 2037 505 2085 πᾶν
519 2035 630 2085 ἀπόλοιτο
640 2033 709 2096 ’γένος
725 2035 814 2086 reuse
824 2034 980 2098 ἀντέλλοντα,
991 2034 1064 2084 κακὸν
1073 2026 1158 2096 φόνον,
1166 2034 1192 2083 οἵ
1199 2052 1238 2098 μιν

138 2099 234 2161 ἔφηναν,
245 2102 345 2149 emend.
354 2099 480 2161 Χαλύβων,
491 2099 560 2162 quod
572 2105 705 2164 receptum
717 2102 793 2150 estin
807 2103 954 2149 Venet..an.
966 2104 1037 2148 150⁰.
1065 2098 1125 2149 Ald.
1136 2098 1238 2162 Grypll.

139 2165 209 2214 Mur.
228 2164 297 2214 sut.
318 2164 405 2214 Groev.
425 2170 453 2213 et
469 2165 549 2226 Vulp.
577 2165 670 2213 Latino
687 2164 838 2219 charactere
849 2164 927 2213 scribi
932 2163 1010 2227 jussit
1021 2161 1125 2211 Marcii.
1160 2161 1237 2211 Hane
1274 2198 1282 2207 .

138 2234 226 2276 tumen
246 2227 347 2278 emend.
359 2228 435 2277 Voss.
449 2228 553 2290 rejecit,
569 2233 597 2276 et
608 2229 747 2278 excolicum
763 2227 837 2277 dedit
855 2229 955 2286 celion,
971 2225 1041 2290 quod
1053 2225 1171 2288 reposuit
1188 2225 1236 2274 nd.

140 2296 281 2340 suun-60
297 2293 329 2340 In
346 2291 406 2341 utu.
425 2291 526 2354 Gryph.
544 2293 614 2342 Mur.
627 2292 705 2341 *Stet
721 2293 789 2341 scal.
811 2291 900 2342 Graev.
919 2291 952 2339 Bi
973 2325 980 2339 .
1002 2289 1060 2338 eliis
1079 2287 1238 2351 frangere-'-

138 2359 168 2403 51
186 2354 303 2419 Alnrptoe
322 2356 348 2405 in
364 2355 432 2406 scel.
450 2354 508 2406 cod,
526 2355 573 2404 sed
589 2354 714 2416 Atium
730 2356 757 2407 in
773 2356 902 2420 plerisque
920 2305 996 2404 costi.
1013 2359 1080 2402 teste
1099 2352 1238 2402 Meteil—

635 2500 741 2552 NOTAE

138 2626 193 2689 puli
214 2625 304 2675 Persis
324 2624 412 2688 vieini,
439 2638 547 2689 quorum
574 2640 668 2689 magus
705 2620 962 2691 pellens,i·r.]'liueus
981 2625 1024 2675 hio
1041 2623 1239 2674 difficillimnse

136 2699 189 2751 soit
209 2699 349 2750 multitudo
370 2700 396 2748 iu
418 2700 514 2749 Xerxis
541 2702 667 2751 exercitu.
708 2702 788 2752 variis
796 2700 975 2752 eruditissimis
983 2699 1045 2749 viris
1054 2699 1126 2748 varie
1134 2699 1240 2762 exponi·

138 2774 205 2824 Here
224 2774 341 2823 Historia
354 2788 387 2822 ex
407 2773 553 2836 Herodoto,
572 2776 668 2840 Plinio,
709 2786 761 2840 tur,
779 2779 920 2842 mirumque
938 2783 987 2838 est,
1006 2780 1131 2839 quantum
1150 2787 1239 2824 omnes

139 2851 252 2910 iustine,
263 2849 364 2912 Probo,
375 2850 484 2913 aliisque
496 2850 669 2912 scriptoribus
710 2854 823 2905 torserit.
857 2854 913 2902 Nos
924 2851 988 2901 (lues
1005 2855 1105 2899 tuntum
1115 2849 1240 2912 expositi·

137 2923 272 2973 notissima
282 2928 331 2970 est·
709 2925 1062 2989 oneeleetorisubjieiesuue3
1080 2922 1169 2986 siquis
1176 2938 1239 2973 sero

169 3001 203 3046 48
223 2997 257 3045 Ut
284 2994 404 3058 Gloipborr
420 3009 487 3044 omne
501 2995 588 3058 gerru]
604 2995 670 3044 Ver·
708 3000 798 3048 melius
820 2999 917 3063 aliquid
936 2998 1084 3063 protulerit,
1100 2999 1239 3061 gratulabi-

139 3087 182 3121 sns
201 3071 244 3120 hie
265 3069 402 3120 restitutus
420 3076 461 3119 est
480 3084 495 3118 e
515 3068 624 3118 scholiis
643 3069 669 3116 in
709 3089 775 3125 mur,
809 3076 862 3124 Am
876 3075 955 3139 igitur
973 3075 1011 3124 ,ic
1022 3075 1108 3124 locum
1119 3074 1188 3124 hunc
1200 3076 1240 3124 ιῃ.

139 3146 225 3211 Apoll
234 3146 265 3204 Β,
273 3159 305 3195 11·
316 3149 373 3194 ³⁷⁵·
387 3143 430 3193 out
438 3145 510 3195 locus
519 3144 560 3194 ute
569 3159 602 3193 ex
611 3144 669 3192 car·
709 3156 895 3214 terpretatur,
913 3156 943 3199 ut
963 3162 1052 3200 sensus
1072 3149 1123 3199 sit:
1150 3149 1238 3198 οοιιω

137 3222 192 3272 Ιίιιι.
214 3220 343 3271 laudetur.
369 3217 487 3276 Χαλύβων
507 3219 538 3269 ὥς
556 3216 668 3268 ἀπόλοιτο
709 3239 818 3287 sorores,
836 3224 875 3273 hae
892 3239 986 3288 nempe
1003 3239 1061 3289 quae
1080 3224 1108 3272 in
1127 3223 1238 3289 Reginae

138 3296 214 3358 γένος.
241 3294 402 3359 ‘Chalybes'
413 3303 501 3345 entem
511 3295 669 3359 populisunt
709 3299 796 3364 cupite
815 3305 998 3362 remanserunt,
1017 3299 1141 3360 lugebunt
1155 3314 1239 3348 mesni

138 3373 263 3436 Scythia,
273 3373 314 3421 vel
324 3370 411 3434 potius
419 3370 489 3421 Asiae
501 3369 535 3418 ed
545 3370 668 3420 Thermo·
710 3382 814 3434 sortem,
824 3373 915 3437 quode
924 3373 1109 3422 suoeonsurtio
1119 3372 1239 3436 sejuncto

138 3447 244 3496 dentem
265 3446 305 3497 ite
325 3445 390 3495 dicti
412 3460 428 3495 ιι
449 3444 595 3508 ‘chalybe’
614 3443 668 3494 filio
708 3448 1020 3512 sorem‚cumnlesequus
1032 3447 1239 3511 unigeneMem·

138 3521 244 3584 Martis,
265 3521 311 3585 qui
331 3519 407 3583 primi
429 3519 526 3570 ferrum
555 3519 668 3584 ferrique
708 3524 782 3573 nouis
793 3522 920 3586 AEthiopis
930 3535 1093 3574 commovens
1102 3515 1178 3570 eures
1186 3527 1240 3570 tre·

140 3596 386 3645 usumlnvettetunt.
405 3594 668 3658 VIrgil-‘Indiamlt·
708 3597 843 3648 ruebuudis
865 3596 957 3660 peonis
979 3595 1076 3646 obtulit
1095 3610 1155 3644 sese
1176 3594 1239 3646 milui

140 3670 174 3721 tit
192 3669 267 3732 ebur,
285 3669 392 3718 mittunt
405 3683 459 3718 ‘suu
479 3670 556 3718 thure
573 3669 669 3730 Subaei,
708 3672 827 3724 Arsinoe
845 3671 987 3732 Chloridos,
1001 3673 1050 3720 dte.
1083 3670 1126 3719 lte
1144 3675 1174 3719 ut
1191 3671 1240 3718 oles

138 3745 176 3796 Ar
187 3744 313 3809 Chalybes
324 3744 387 3794 nndl
404 3743 519 3794 ferrum!
552 3743 580 3793 Is
589 3744 668 3808 igitur
707 3763 777 3812 equus
795 3748 898 3809 unigena
917 3745 1051 3795 Memnonis
1069 3744 1193 3808 AEttiopis
1205 3744 1241 3805 sit

138 3835 228 3873 sensus
239 3827 288 3882 est,
299 3835 447 3884 omsegenus
464 3821 593 3885 Chalybum
602 3835 668 3884 pere·
686 3862 692 3875 .
707 3837 787 3887 equus
809 3822 926 3885 Pegasus
947 3819 1014 3869 filius
1034 3818 1152 3881 ejusdem
1180 3832 1241 3868 cunr

137 3903 174 3960 ut,
193 3897 255 3962 quis
273 3911 366 3961 nempe
385 3894 482 3946 ferrum
503 3896 667 3960 invenerunt,
706 3897 847 3946 Memnone
873 3895 971 3958 matris,
998 3906 1091 3956 nempe
1117 3891 1242 3957 Aurora,

139 3973 267 4037 primique
277 3986 326 4035 per
342 3976 418 4022 terre
433 3985 511 4021 reuss
528 3971 664 4033 investigo·
706 3984 763 4035 quae
775 3969 872 4019 dicitur
888 3968 956 4018 dono
966 3966 1067 4016 dedisse
1082 3966 1143 4018 Jovi
1154 3966 1240 4032 Pege-

140 4050 209 4098 runt'.
706 4060 780 4106 sum,
795 4045 840 4109 qui
850 4044 964 4107 Pegasus
976 4043 1052 4106 jussu
1073 4043 1184 4093 Venetis
1205 4043 1240 4092 ek

170 4127 202 4171 ⁶2
219 4124 354 4175 Meoueuis
370 4124 490 4190 AEtlsiopis
504 4120 613 4184 Usigerso
622 4119 666 4170 im·
706 4120 785 4185 ipsius
793 4120 894 4184 templo
906 4119 932 4169 in
944 4117 1007 4168 urbe
1017 4116 1140 4179 Arsinoe,
1151 4116 1239 4168 crines
