2774 4702
492 294 523 341 (l.
547 290 704 342 VALERH
727 291 894 341 ossuum

502 701 709 768 CARMEN
731 702 881 770 XXIV.

451 887 503 934 su
519 888 743 938 tuvnurruu
760 886 932 938 runuuu.
951 928 955 937 .

226 1037 263 1102 Ὀ
279 1055 343 1116 Qui
360 1037 521 1106 flosculus
534 1061 572 1107 es
584 1041 831 1120 inventionum,

230 1142 310 1206 Non
324 1142 440 1207 horum
451 1143 562 1221 modo,
577 1143 637 1208 sed
652 1150 733 1228 quot
747 1149 805 1208 nul
817 1141 960 1219 fuerunt,

231 1242 301 1309 Aul
315 1245 458 1329 posthac
471 1246 548 1311 aliis
561 1250 656 1310 amnt
667 1245 703 1308 in
715 1243 824 1322 annis,

231 1345 372 1411 Mallem
386 1346 524 1412 divitias
537 1347 620 1411 mihi
635 1345 787 1413 dedisses

227 1447 302 1526 lsti,
319 1451 402 1532 quoi
416 1469 524 1533 neque
539 1468 655 1529 seruus
668 1453 732 1528 est,
746 1468 858 1532 neque
873 1460 971 1530 παις
1071 1499 1081 1512 .

229 1546 342 1627 Quam
358 1551 408 1615 sic
422 1557 457 1616 ta
471 1552 597 1616 sineres
611 1551 727 1617 abillo
742 1551 857 1616 amari.

229 1649 325 1729 Quit
347 1672 417 1716 non
430 1658 481 1718 est
492 1653 591 1718 ltomo
604 1654 714 1718 bellus
725 1655 740 1717 l
762 1654 904 1736 inquies.
948 1651 1031 1716 Est:

228 1754 298 1819 Sed
311 1755 403 1819 bello
416 1754 494 1819 huic
507 1772 616 1837 noque
630 1773 748 1820 servus
763 1759 825 1833 cst,
839 1773 944 1837 neque
958 1771 1050 1818 arcu.

174 1954 198 2001 0
209 1953 302 2016 quiflos
311 1968 336 2003 es
345 1955 518 2016 ducendarum,
528 1972 575 2007 sos
584 1961 678 2008 tostam
688 1923 780 2020 ieritis,
796 1959 837 2007 sed
847 1972 925 2006 sorum
936 1956 1016 2020 etism,
1027 1955 1068 2018 qui
1080 1955 1118 2031 oei
1131 1955 1243 2016 fremat,

141 2018 253 2066 selenites
261 2023 344 2080 podas
353 2021 445 2070 senilis
454 2023 575 2072 oenum:
600 2037 644 2084 ego
660 2022 761 2085 malleis
770 2027 798 2071 st
815 2021 918 2083 largitus
935 2035 994 2069 esses
1004 2034 1058 2084 opes
1073 2020 1124 2081 ists,
1142 2021 1184 2082 qui
1201 2036 1245 2069 sec

135 2080 256 2140 famulum
266 2083 344 2144 haid,
356 2099 398 2133 nec
416 2099 519 2148 capessi,
536 2100 606 2150 qums
616 2086 651 2135 sic
666 2087 784 2150 patereris
792 2090 817 2135 le
832 2085 862 2134 ni
871 2085 915 2134 iiis
923 2084 1011 2134 mori.
1045 2081 1142 2140 Quare?
1159 2085 1246 2133 Nonne

141 2152 178 2195 eet
189 2147 255 2196 iosso
264 2145 395 2198 mutus?
404 2148 496 2214 inum
505 2157 543 2201 tu.
567 2151 615 2200 Est
628 2151 748 2215 quideru3
771 2152 812 2200 sed
821 2154 931 2199 semiss
937 2149 976 2198 isio
983 2163 1030 2198 sos
1039 2148 1109 2198 iaici
1114 2148 1245 2214 somnum,

601 2276 784 2299 W

176 2369 190 2415 l
208 2365 240 2414 ln
251 2362 311 2419 edd.
329 2370 394 2418 vett.
412 2368 606 2430 danaidum
622 2369 720 2421 Arent
728 2384 779 2420 cou
792 2367 997 2430 dormientis:
1013 2365 1060 2416 sad
1075 2374 1163 2416 ornnes
1174 2362 1243 2419 stat.

141 2428 219 2480 codd.
227 2430 324 2479 habent
334 2432 559 2484 admorsu-s
576 2437 607 2484 In
618 2434 679 2485 edd.
689 2440 755 2485 vett.
770 2369 868 2483 desso
881 2447 915 2482 m.
925 2433 1036 2493 dedisses,
1049 2431 1126 2488 (Μ
1136 2430 1199 2489 ³⁸⁶5
1215 2431 1244 2479 ¹¹²

141 2494 209 2544 Stat.
220 2494 296 2544 codd.
306 2495 406 2546 diuitias
415 2511 447 2547 m.
457 2499 561 2549 dedisses
569 2501 617 2549 Isti
623 2516 634 2558 ‚·
653 2499 681 2547 in
692 2499 767 2549 Voss.
785 2498 811 2546 ll.
830 2496 864 2546 sti
881 2497 993 2558 dedisses,
1001 2495 1070 2544 unde
1081 2493 1156 2557 fecit,
1166 2495 1246 2543 Mida

140 2558 252 2610 dedisses.
276 2558 371 2611 Heius.
392 2563 478 2611 locutu
497 2562 535 2613 its
551 2563 694 2624 constituit,
712 2563 812 2613 Mallem
822 2561 918 2611 delicias
927 2560 987 2609 iiiiii
997 2561 1107 2621 dedisses,
1120 2560 1198 2614 Quom
1209 2558 1246 2608 sie

141 2627 163 2672 t.
178 2636 198 2672 s.
217 2638 242 2675 o.
260 2624 386 2689 i.·nmeti,
404 2626 454 2676 Isto
464 2626 503 2677 cui
512 2642 537 2677 n.
547 2644 567 2678 s.
585 2643 606 2678 e.
617 2643 642 2678 s.
654 2642 719 2678 oso.
748 2627 814 2683 Quid
819 2623 832 2676 i
842 2640 889 2674 non
899 2628 945 2687 est,
955 2626 1046 2688 dee-d
1063 2623 1095 2672 ln
1107 2623 1168 2675 edd.
1180 2629 1246 2674 vett.

141 2687 171 2735 ni
183 2689 229 2738 isto
236 2705 247 2748 ,-
269 2688 374 2741 instat.
386 2690 463 2740 codd.
482 2693 513 2740 ai
521 2693 622 2744 litae-'1
638 2693 706 2742 stat.
716 2692 826 2754 legeret,
843 2688 890 2738 cst
907 2704 955 2738 soe
973 2691 1009 2738 eet
1019 2703 1028 2737 .·
1037 2689 1105 2738 inmo
1115 2687 1196 2747 dedus,
1205 2688 1246 2737 is·

141 2753 207 2814 quies
216 2758 268 2803 eet:
285 2754 349 2803 Mel.
361 2755 434 2806 Hui!
445 2761 536 2806 nonest
544 2757 612 2807 homo
622 2757 704 2821 bellus,
714 2752 822 2820 optes?
842 2759 892 2805 est.-
908 2754 978 2804 Scal.
992 2750 1057 2811 Qut?
1074 2767 1122 2801 soe
1132 2757 1168 2802 est
1183 2751 1208 2803 t.
1220 2751 1244 2802 i.

637 2910 746 2969 NOTAE

174 3030 188 3076 l
208 3025 285 3090 Opti
296 3026 411 3092 stomin
431 3027 468 3092 es]
496 3026 672 3096 Conqueritur
711 3029 873 3094 guntmulti,
885 3026 992 3091 deliciis
1008 3041 1057 3090 pro
1067 3025 1247 3089 dividissen-

140 3117 199 3152 cum
207 3104 401 3169 assumptos
409 3106 515 3155 Furium
523 3108 671 3157 mendicum
712 3121 741 3156 su
753 3107 836 3155 minus
848 3110 932 3167 recto,
940 3111 967 3154 et
975 3118 991 3153 ι
1000 3102 1183 3167 manuscriptis
1190 3116 1246 3152 om-

139 3192 216 3243 piene
234 3179 363 3231 hominem
377 3182 537 3245 potissimum
551 3184 671 3247 elegerit,
711 3181 785 3231 nibus
804 3182 906 3242 alieno;
921 3180 999 3244 longe
1013 3179 1083 3228 enim
1097 3178 1245 3242 elegantior

141 3253 183 3305 cui
194 3255 280 3305 statis
291 3271 347 3306 sua
362 3255 454 3308 florem
472 3259 610 3310 fruendum
625 3260 671 3311 da·
711 3259 841 3310 sententia
859 3264 908 3316 est,
920 3263 950 3307 ut
966 3256 1087 3307 dicantur
1101 3255 1245 3307 convenire

138 3336 189 3381 ¹⁶¹<
710 3336 800 3401 egenti
812 3333 942 3385 ‘divitias'
954 3347 1031 3399 quant
1039 3331 1047 3360 ‘
1055 3328 1158 3381 delicias
1167 3331 1183 3382 ι’
1192 3346 1246 3385 nec

170 3406 348 3472 Juemttoram]
366 3409 455 3461 Romae
465 3410 560 3461 nobilis
571 3409 622 3462 fuit
632 3410 670 3461 fa·
710 3427 815 3464 movere
825 3412 915 3474 debet,
925 3408 1006 3474 qnod,
1016 3407 1087 3469 stilti,
1102 3407 1243 3471 subjungu-

139 3482 394 3550 mutassemus-um,
410 3486 443 3536 da
463 3487 555 3550 quibus
574 3488 671 3552 Livius,
711 3494 769 3550 tur;
785 3488 823 3537 sic
839 3486 907 3536 anim
922 3483 952 3533 ri
968 3483 1038 3547 milti,
1051 3487 1152 3546 ponunt
1160 3480 1245 3546 scrip·

140 3552 252 3622 Plinius,
261 3565 290 3609 et
309 3559 369 3620 alii;
386 3575 450 3624 quos
466 3561 537 3610 inter
555 3560 606 3611 fult
624 3563 669 3612 ilie
710 3569 780 3613 tores
791 3575 984 3625 nonnunquam,
994 3573 1136 3609 cumsnurn
1147 3557 1174 3607 id
1184 3572 1246 3609 esse

139 3630 179 3684 M·
188 3632 326 3686 iuventius
337 3636 427 3700 Talna,
438 3636 490 3701 qui,
501 3644 531 3688 ut
540 3638 579 3687 sit
593 3639 669 3688 Vale·
710 3637 846 3687 consilium
858 3632 1015 3700 significant,
1025 3642 1054 3684 et
1064 3632 1192 3699 judicium
1203 3633 1244 3683 in-

138 3710 193 3763 rins
204 3710 345 3776 Maximus,
363 3713 463 3776 collega
479 3714 535 3764 Tib.
555 3715 669 3764 Gracchi
710 3718 850 3777 terponunt
877 3726 961 3762 suum.
1005 3710 1044 3761 Ut
1067 3725 1159 3760 seusus
1188 3705 1243 3759 sit:

139 3784 269 3855 Consulis,
279 3803 338 3839 curn
348 3788 375 3838 in
385 3789 500 3854 Corsica,
508 3804 584 3855 quam
593 3790 669 3840 subs·
710 3791 843 3843 Quantum
855 3786 886 3838 ad
904 3802 945 3838 me
958 3786 1074 3851 pertinet
1087 3782 1200 3850 mallem,
1213 3792 1246 3836 ut

137 3866 402 3934 geratisacrilicaret,
410 3866 524 3930 receptis
535 3866 617 3916 literis
627 3866 669 3917 de·
709 3866 754 3916 isti
765 3865 871 3914 divitias
883 3863 1008 3925 dedisses,
1016 3865 1068 3914 &c

138 3951 224 3993 cretas
236 3942 261 3993 ci
272 3960 289 3994 s
299 3944 396 3995 Senatu
412 3943 512 3993 obrem
527 3944 594 3993 bene
612 3958 669 4007 ges·
713 3952 756 3997 ,5
775 3946 858 4009 Neque
868 3932 957 4007 sernas,
970 3957 1044 4006 seque
1054 3940 1123 4006 deo]
1146 3942 1185 3992 Ut
1201 3955 1245 3992 sn-

137 4022 191 4065 tam
203 4019 407 4081 supplicationes
416 4019 603 4081 nuntiantibus,
611 4019 669 4069 sub·
710 4025 818 4088 prsjatu
826 4021 947 4083 vidimus,
955 4034 1061 4069 stimmo}
1073 4017 1125 4070 fult
1139 4018 1246 4082 signum

136 4092 174 4142 ita
184 4094 277 4143 laetitia
288 4103 404 4145 mortuus
415 4094 486 4145 humi
492 4095 586 4160 jacuit.
598 4097 603 4135 t
710 4098 834 4161 egestatis
846 4110 897 4144 non
915 4094 1011 4146 habere
1023 4108 1126 4144 servum
1141 4107 1191 4144 nse
1202 4107 1246 4143 sr-

170 4173 186 4218 4
204 4171 301 4221 Mollem
312 4172 410 4223 diuitias
420 4172 479 4224 milti
489 4171 602 4235 dedisses]
621 4173 668 4222 Le·
710 4190 775 4226 cnm.
