2774 4702
147 319 215 387 374
503 337 612 388 nonu·
638 339 837 393 vunronnu
862 342 902 390 iu
1005 344 1008 351 ·

148 483 177 527 et
194 477 265 527 Furii
282 477 411 544 Bibaculi,
428 493 461 530 ex
477 480 527 531 boc
543 480 600 546 ipso
617 481 679 547 Epi·
719 488 785 546 erut,
801 482 871 548 quoii
882 483 969 548 puello
974 484 1037 549 joco
1048 491 1166 545 voveret,
1176 485 1204 536 id
1217 488 1258 537 uti

148 559 289 616 gcsmnrute
300 554 452 618 colligimus.
477 555 539 605 Scri.
718 559 786 607 serio
802 559 887 619 lieret,
905 559 1011 610 effecit:
1032 571 1112 626 etque
1124 564 1216 613 emicae
1230 566 1257 613 in

180 627 319 692 sbosctoe]
337 632 415 681 Forte
426 636 514 680 some.
532 631 616 681 Livio.
718 635 829 696 gratiam
839 634 924 685 rediit.
949 637 1095 686 venustum
1104 651 1167 687 sune
1178 652 1257 703 urgu-

180 706 196 752 6
213 705 374 769 Electisoimu]
390 708 451 757 Scio
463 716 517 757 ete
531 708 605 756 molis
616 707 676 771 eligi
718 716 844 775 mentum,
852 719 881 760 et
889 712 1019 775 elegantia
1027 712 1124 760 Catulli
1137 713 1256 776 dignum.
1305 772 1309 776 ‚

147 792 225 841 posse
237 781 357 844 inarime,
369 789 432 846 puto
442 790 527 832 tumen
539 781 677 846 legendum
718 784 786 834 Nom
798 791 878 848 totns,
889 793 917 836 ut
928 786 992 848 dixi,
1003 786 1085 836 nodus
1098 794 1158 838 eret
1167 790 1193 837 in
1210 789 1257 839 illu

147 847 326 911 Scelestissime.
352 861 474 912 Siciofru
487 867 563 912 vocet
577 859 678 910 nefario
718 873 784 910 soce
802 861 872 911 Joco.
899 861 1038 925 Repetitur
1056 868 1145 911 eutem
1167 863 1208 912 bis
1230 880 1257 914 se

146 937 254 1000 scriptu,
271 945 299 987 et
314 938 457 988 orationem
470 938 573 1001 plenum
585 937 676 993 ueneni
717 950 752 998 ss,
762 950 833 986 more
846 936 1009 1000 Graecocnm,
1020 940 1167 1002 presertim
1180 940 1253 991 Atti-

146 1020 174 1063 et
186 1015 354 1078 pestilentie.
379 1017 474 1065 Passer.
705 1020 813 1071 'cornm,
828 1019 858 1063 ut
874 1028 923 1079 ego
939 1015 1079 1064 innumeris
1097 1016 1163 1066 iocis
1181 1019 1253 1077 opud

177 1090 343 1154 {Tardipedi
359 1090 411 1140 Deo
427 1090 548 1154 summm]
566 1090 676 1151 Nescio,
716 1086 919 1138 Demosthenem
952 1089 1051 1143 notaui.
1110 1091 1253 1155 Euripides

146 1164 675 1229 snCstulinsdixerii‚illovovitdaturam.
715 1160 863 1212 Phoenissis.
901 1161 1255 1227 Ἔμο1μ1ν,ε1κα1μὴκαθ’

146 1240 244 1291 Melius
253 1244 349 1290 duim.
371 1239 547 1291 Vooitcloturo:
556 1246 594 1304 ut,
609 1243 616 1268 ‘
629 1240 676 1290 Alc
716 1235 821 1295 ἔλλῆνων
830 1237 906 1299 χθόνα
912 1238 1062 1304 Τεθράιιμεθ,
1072 1240 1129 1290 ἀλλ’
1138 1240 1181 1292 οὖν
1190 1246 1255 1305 twe-

124 1314 517 1383 „fuissenaviumceierrlmus!
552 1316 676 1380 Propert.
715 1309 746 1360 τά
755 1331 795 1373 μοι
805 1315 871 1363 δοκεῖ
884 1313 972 1376 leyen.
1005 1315 1138 1366 Hiceninr
1156 1317 1187 1367 rb
1202 1319 1256 1380 iusi

145 1392 260 1442 ‘Visoru
271 1398 299 1442 et
310 1398 421 1458 quuutns
432 1406 561 1458 nunqnam
574 1406 675 1456 sperus·
715 1388 844 1453 repetitor
863 1389 955 1439 eodem
973 1391 1059 1455 modo,
1078 1405 1131 1457 qno
1153 1393 1196 1445 bic
1219 1409 1255 1445 sc·

144 1467 334 1531 setUlyssens.'
366 1468 485 1532 Volgnris
496 1467 576 1518 lectio
588 1473 674 1517 tomen
715 1465 781 1515 Scol.

144 1541 237 1593 Latius
257 1549 306 1593 est.
328 1543 424 1594 'libuli
447 1544 557 1596 ‘Jurssi
573 1543 674 1608 quoties
749 1542 781 1589 12
799 1539 1253 1611 Uriosqueopertos]Hos,nlsii'uilor,

144 1619 288 1671 rediturum
301 1620 333 1670 soi
345 1619 674 1685 liminannnqnemi'Scol.
715 1613 809 1665 Strabo
827 1616 910 1666 Uxios
933 1618 1064 1681 appellat:
1090 1620 1162 1684 opud
1184 1634 1253 1685 quos

174 1699 192 1744 8
211 1695 360 1759 Infelicibus]
371 1695 482 1746 Veteres
492 1695 561 1746 soliti
569 1693 675 1746 inerunt
714 1691 826 1756 ἀφροδίτη
836 1692 925 1744 &vairas
936 1694 1079 1758 colebatur,
1089 1703 1120 1746 nt
1130 1696 1159 1745 in
1172 1698 1255 1748 ulter·

143 1772 296 1838 pierumque
313 1771 432 1836 prodigio
449 1779 476 1823 et
493 1778 617 1835 portenta
636 1773 673 1821 uic
715 1774 775 1816 utro
796 1769 887 1817 vitium
910 1783 968 1818 esse
994 1783 1102 1820 necesse
1124 1771 1167 1822 sit.
1213 1773 1267 1839 Ae
1297 1820 1299 1823 .

143 1862 295 1913 procurare,
310 1856 339 1899 ut
355 1853 494 1898 exurerent
504 1846 580 1910 lignis
590 1845 674 1896 infeli·
714 1845 777 1908 quid
794 1846 874 1896 voluit
891 1846 1037 1911 Turnebus,
1055 1863 1134 1915 quoni
1155 1850 1252 1900 Mucios

143 1924 234 1975 cibus:
256 1924 374 1974 Macrob.
385 1923 430 1972 lib.
452 1937 496 1973 ιιι.
516 1923 572 1973 Sat.
592 1936 615 1971 c.
633 1927 673 1973 10.
714 1919 796 1984 legit?
813 1921 908 1971 oblitos
925 1923 991 1972 enim
1009 1924 1083 1988 pedis
1100 1925 1176 1990 ponit
1190 1926 1254 1979 dec·

143 1996 295 2060 ‘Arboreu’
304 1997 397 2061 inquit,
409 1999 482 2061 ‘quoe
494 1995 604 2046 inferum
613 1996 674 2045 deo·
715 1995 796 2058 ninus
809 2011 856 2059 pro
867 1998 989 2049 trocbteo.
1007 1999 1083 2051 Idem.

141 2087 198 2124 rum
216 2072 438 2135 evertentiumquc
458 2072 483 2119 in
503 2071 587 2119 tutele
606 2078 673 2134 sunt,
747 2075 778 2119 lti
806 2073 936 2136 Acceptum
959 2074 1029 2137 soce]
1072 2076 1251 2128 Tertullianus

142 2161 187 2198 ess
199 2146 318 2198 infelicet
332 2144 470 2196 nominutz'
485 2143 672 2212 subjiciturque
713 2143 789 2207 dixit,
800 2145 936 2212 ‘Accepto
947 2147 1053 2212 sucere,'
1064 2165 1116 2201 non
1126 2151 1250 2218 ‘Accep-

140 2225 253 2290 ‘qnibus
269 2229 400 2288 portentu,
418 2221 586 2286 prodigioque
603 2236 672 2272 corn·
713 2220 787 2283 tum,'
808 2222 876 2273 libro
895 2223 929 2273 de
949 2225 1093 2288 pudicitie:
1119 2230 1249 2282 ‘Quanto

141 2302 200 2352 buri
213 2301 310 2365 jubere
322 2299 445 2363 oportet!
477 2297 565 2348 Graeci
577 2299 672 2362 euspi·
712 2296 809 2347 delicta
829 2298 880 2347 iste
899 2308 960 2348 ente
979 2300 1112 2351 invectum
1134 2313 1250 2370 eccepto

140 2376 209 2426 nouis
223 2375 307 2439 liguis,
324 2389 382 2439 quos
395 2372 538 2424 infeliciore
550 2373 672 2424 uideban-
711 2371 783 2435 funt,
793 2378 867 2421 tanto
883 2380 941 2435 post
958 2375 1089 2426 lavacrum
1104 2377 1250 2431 inremissi-

140 2459 194 2513 tur,
206 2449 500 2509 combureresolebuni,
514 2454 542 2497 et
558 2449 671 2498 cinerem
712 2444 774 2494 bilis
784 2447 937 2497 constitoin’
963 2448 1040 2500 Idem.

139 2525 344 2592 inprofloentem
352 2524 490 2590 projicere.
500 2524 569 2588 Ergo
576 2524 670 2574 Catulli
744 2524 777 2570 19
794 2521 864 2572 Picus·
885 2523 975 2588 tboris]
1008 2526 1075 2578 Haec
1096 2533 1138 2580 est
1157 2530 1249 2597 lectio,

140 2600 506 2667 pueils,utmelnmqnoddum
515 2599 672 2664 prodigium,
712 2609 770 2660 que
791 2596 922 2647 invenitor
940 2614 993 2650 non
1013 2604 1095 2652 solnm
1112 2605 1139 2654 iu
1156 2615 1248 2659 nostro

139 2687 250 2728 voveret
266 2689 294 2724 se
309 2680 482 2724 cremumruru
501 2688 589 2723 versus
603 2675 670 2738 opti·
711 2671 818 2734 scripto,
826 2672 872 2721 sed
880 2675 1067 2742 etinsntiqnis
1077 2680 1247 2736 editionibus.

138 2766 195 2802 mos
205 2749 306 2800 Volusii
317 2748 396 2813 liguis
411 2747 570 2810 infelicibus,
585 2764 668 2814 eoque
712 2747 810 2797 Notum
829 2748 995 2803 Persiouum:
1018 2755 1089 2804 ‘uec
1111 2759 1247 2822 scombros

136 2828 204 2877 lutet
213 2827 239 2874 in
248 2824 442 2888 Epigrammofe
452 2830 544 2886 arguta
553 2825 667 2875 luscinio.
709 2825 984 2889 metuentiucannins,
995 2830 1128 2880 necibus?
1148 2834 1246 2886 floret.

140 2899 268 2952 mous.
709 2897 846 2949 “Deferur
862 2902 889 2950 in
909 2903 994 2953 vicum
1012 2907 1171 2961 vendentem
1183 2913 1245 2963 thus
1319 2925 1321 2929 ’

170 2979 202 3025 1⁰
218 2975 302 3022 Jocoss
312 2977 336 3022 et
347 2972 424 3036 lepide
434 2987 516 3022 oooers
526 2973 600 3036 diois]
618 2975 667 3024 Co·
709 2981 737 3023 et
748 2975 857 3025 odores.'
879 2979 994 3029 Martisl.
1012 2981 1063 3031 ‘Et
1073 2983 1158 3034 thuris
1169 2987 1245 3053 pinea

138 3051 234 3115 pulaet
250 3049 338 3100 addito
353 3065 369 3099 a
387 3049 591 3111 correctoribus;
610 3065 667 3101 rrum
709 3049 794 3114 risque
818 3051 852 3100 sis
875 3053 1008 3106 cucullus?
1041 3055 1186 3112 Athenaeus
1208 3062 1243 3114 de

136 3127 198 3177 libri
214 3125 305 3191 scripti
321 3140 371 3175 non
388 3124 494 3187 hebent,
508 3139 541 3175 ne
553 3127 667 3192 autiquae
708 3121 891 3176 Anaxundride
912 3128 1004 3191 polito:
1022 3131 1103 3196 rupis
1120 3134 1147 3186 ol
1163 3137 1197 3189 br
1212 3138 1244 3189 rb

138 3203 243 3269 quidem
265 3201 400 3253 editiones.
448 3204 507 3252 Joco
527 3217 553 3252 se
580 3209 667 3254 eutem
707 3198 761 3258 ἦθος
772 3200 843 3252 ἐποίει
853 3221 877 3251 rt
889 3206 981 3255 τοιοῦτο
998 3209 1050 3272 περὶ
1059 3209 1105 3262 τὰς
1114 3214 1243 3278 κωμῳδίας·

137 3276 236 3328 duabus
255 3277 363 3328 vocibus
382 3292 434 3328 non
454 3293 506 3328 une
522 3279 668 3342 legendum.
708 3274 804 3340 ὅτιγὰρ
816 3278 893 3345 umbo,
909 3281 1037 3341 λαμβάνων
1053 3283 1139 3336 ἔδωκεν
1156 3287 1190 3341 εἰς
1200 3289 1244 3342 τὸν

138 3353 191 3404 Hic
199 3360 241 3404 est
250 3354 567 3419 argutisEpigrammetis.
593 3353 668 3404 Inter
706 3353 839 3410 λιβανωτὸν
863 3361 1011 3419 κατατεμεῖν.
1054 3362 1157 3415 Sedet
1178 3368 1244 3418 rso-is

137 3431 268 3481 Catullum
281 3436 307 3479 et
317 3430 436 3480 Lesbiam
444 3430 578 3480 dissidium
588 3431 667 3481 inter·
707 3429 759 3492 legi
767 3436 862 3495 potest,
868 3436 1022 3500 presertim,
1030 3452 1109 3502 quum
1116 3449 1243 3506 sequetur

138 3512 255 3557 venerut.
281 3506 375 3555 Lesbis
378 3507 441 3569 joco
450 3507 635 3570 vovitVeueri‚
643 3507 665 3558 si
704 3505 876 3567 inficetiarum:
899 3509 991 3559 melius
1006 3511 1076 3561 euim
1091 3513 1149 3566 hec
1172 3517 1243 3568 inter

135 3581 665 3644 reconcilietursibiCatullus‚seAnneics
705 3583 906 3633 seconveniunt.
924 3585 966 3635 Sic
975 3587 1063 3637 Graeci
1071 3588 1240 3654 symoni-s.

135 3657 237 3707 Volusii
258 3656 296 3705 illi
318 3663 497 3708 crematurum.
540 3659 666 3723 Catullus,
705 3657 807 3707 Giosses
816 3658 960 3722 Hesycbii:
973 3661 1047 3728 bypori
1061 3663 1150 3725 πλέως,
1161 3667 1242 3732 hypo..

136 3733 181 3799 qui
201 3733 269 3783 illius
291 3731 378 3798 poe'lae
399 3732 533 3784 annalibus
555 3733 666 3799 iniquior
705 3731 757 3784 nior
766 3730 865 3799 tibimi-
886 3735 961 3789 luem.
