<?xml version="1.0" encoding="UTF-8"?>
<!DOCTYPE html PUBLIC "-//W3C//DTD XHTML 1.0 Transitional//EN"
    "http://www.w3.org/TR/xhtml1/DTD/xhtml1-transitional.dtd">
<html xmlns="http://www.w3.org/1999/xhtml" xml:lang="en" lang="en">
 <head>
  <title>
</title>
<meta http-equiv="Content-Type" content="text/html;charset=utf-8" />
  <meta name='ocr-system' content='tesseract 3.04.00' />
  <meta name='ocr-capabilities' content='ocr_page ocr_carea ocr_par ocr_line ocrx_word'/>
</head>
<body>
  <div class='ocr_page' id='page_1' title='image "./cvaleriicatulli00catugoog/cvaleriicatulli00catugoog_0041.png"; bbox 0 0 2774 4702; ppageno 0'>
   <div class='ocr_carea' id='block_1_1' title="bbox 183 290 976 354">
    <p class='ocr_par' dir='ltr' id='par_1_1' title="bbox 183 290 976 354">
     <span class='ocr_line' id='line_1_1' title="bbox 183 290 976 354; baseline -0.003 0"><span class='ocrx_word' id='word_1_1' title='bbox 183 290 226 354; x_wconf 76' lang='lat'><strong>26</strong></span> <span class='ocrx_word' id='word_1_2' title='bbox 485 306 534 353; x_wconf 84' lang='lat' dir='ltr'><strong>na</strong></span> <span class='ocrx_word' id='word_1_3' title='bbox 557 307 588 353; x_wconf 90' lang='lat' dir='ltr'><strong>c.</strong></span> <span class='ocrx_word' id='word_1_4' title='bbox 612 304 779 353; x_wconf 74' lang='lat' dir='ltr'><strong>vannum</strong></span> <span class='ocrx_word' id='word_1_5' title='bbox 804 303 976 353; x_wconf 72' lang='lat' dir='ltr'><strong>carunto</strong></span> 
     </span>
    </p>
   </div>
   <div class='ocr_carea' id='block_1_2' title="bbox 417 513 1041 599">
    <p class='ocr_par' dir='ltr' id='par_1_2' title="bbox 417 513 1041 599">
     <span class='ocr_line' id='line_1_2' title="bbox 417 513 1041 599; baseline -0.002 -18"><span class='ocrx_word' id='word_1_6' title='bbox 417 515 561 581; x_wconf 87' lang='lat' dir='ltr'><strong>Ovidius</strong></span> <span class='ocrx_word' id='word_1_7' title='bbox 577 514 738 582; x_wconf 82' lang='lat' dir='ltr'><strong>Amorum</strong></span> <span class='ocrx_word' id='word_1_8' title='bbox 755 533 812 582; x_wconf 91' lang='lat'>111.</span> <span class='ocrx_word' id='word_1_9' title='bbox 835 515 929 599; x_wconf 85' lang='lat' dir='ltr'><strong>Eleg.</strong></span> <span class='ocrx_word' id='word_1_10' title='bbox 943 515 976 580; x_wconf 85' lang='lat'><strong>9.</strong></span> <span class='ocrx_word' id='word_1_11' title='bbox 988 513 1041 580; x_wconf 86' lang='lat' dir='ltr'><strong>(il.</strong></span> 
     </span>
    </p>
   </div>
   <div class='ocr_carea' id='block_1_3' title="bbox 310 648 1126 835">
    <p class='ocr_par' dir='ltr' id='par_1_3' title="bbox 310 648 1126 835">
     <span class='ocr_line' id='line_1_3' title="bbox 310 648 1126 735; baseline -0.006 -19"><span class='ocrx_word' id='word_1_12' title='bbox 310 651 439 716; x_wconf 87' lang='lat' dir='ltr'><strong>Obvius</strong></span> <span class='ocrx_word' id='word_1_13' title='bbox 453 650 531 715; x_wconf 91' lang='lat' dir='ltr'><strong>huic</strong></span> <span class='ocrx_word' id='word_1_14' title='bbox 545 652 672 728; x_wconf 88' lang='lat' dir='ltr'><strong>venias,</strong></span> <span class='ocrx_word' id='word_1_15' title='bbox 686 651 810 715; x_wconf 81' lang='lat' dir='ltr'><strong>hedera</strong></span> <span class='ocrx_word' id='word_1_16' title='bbox 818 648 983 735; x_wconf 89' lang='lat' dir='ltr'><strong>juvenilia</strong></span> <span class='ocrx_word' id='word_1_17' title='bbox 996 649 1126 713; x_wconf 90' lang='lat' dir='ltr'><strong>cinctus</strong></span> 
     </span>
     <span class='ocr_line' id='line_1_4' title="bbox 351 751 1112 835; baseline -0.004 -19"><span class='ocrx_word' id='word_1_18' title='bbox 351 752 530 835; x_wconf 84' lang='lat' dir='ltr'><strong>Tempora,</strong></span> <span class='ocrx_word' id='word_1_19' title='bbox 544 772 621 817; x_wconf 93' lang='lat' dir='ltr'><strong>cum</strong></span> <span class='ocrx_word' id='word_1_20' title='bbox 636 753 757 831; x_wconf 88' lang='lat' dir='ltr'><strong>Calvo,</strong></span> <span class='ocrx_word' id='word_1_21' title='bbox 772 754 868 818; x_wconf 89' lang='lat' dir='ltr'><strong>docte</strong></span> <span class='ocrx_word' id='word_1_22' title='bbox 885 751 1027 828; x_wconf 83' lang='lat' dir='ltr'><strong>Catulle,</strong></span> <span class='ocrx_word' id='word_1_23' title='bbox 1043 757 1112 814; x_wconf 89' lang='lat' dir='ltr'><strong>tuo.</strong></span> 
     </span>
    </p>
   </div>
   <div class='ocr_carea' id='block_1_4' title="bbox 309 894 1062 1140">
    <p class='ocr_par' dir='ltr' id='par_1_4' title="bbox 309 894 1062 1140">
     <span class='ocr_line' id='line_1_5' title="bbox 468 894 987 1004; baseline -0.002 -17"><span class='ocrx_word' id='word_1_24' title='bbox 468 894 987 1004; x_wconf 54' lang='lat' dir='ltr'><strong>rmmfflmffia</strong></span> 
     </span>
     <span class='ocr_line' id='line_1_6' title="bbox 309 1054 1062 1140; baseline 0.003 -21"><span class='ocrx_word' id='word_1_25' title='bbox 309 1054 451 1120; x_wconf 85' lang='lat' dir='ltr'><strong>Mantua</strong></span> <span class='ocrx_word' id='word_1_26' title='bbox 463 1056 609 1140; x_wconf 82' lang='lat' dir='ltr'><strong>Virgilio</strong></span> <span class='ocrx_word' id='word_1_27' title='bbox 624 1056 753 1140; x_wconf 85' lang='lat' dir='ltr'><strong>gaudet,</strong></span> <span class='ocrx_word' id='word_1_28' title='bbox 767 1056 901 1122; x_wconf 87' lang='lat' dir='ltr'><strong>Verona</strong></span> <span class='ocrx_word' id='word_1_29' title='bbox 915 1054 1062 1121; x_wconf 88' lang='lat' dir='ltr'><strong>Catullo.</strong></span> 
     </span>
    </p>
   </div>
   <div class='ocr_carea' id='block_1_5' title="bbox 517 1227 940 1309">
    <p class='ocr_par' dir='ltr' id='par_1_5' title="bbox 517 1227 940 1309">
     <span class='ocr_line' id='line_1_7' title="bbox 517 1227 940 1309; baseline -0.005 -17"><span class='ocrx_word' id='word_1_30' title='bbox 517 1228 612 1292; x_wconf 88' lang='lat' dir='ltr'><strong>Idam</strong></span> <span class='ocrx_word' id='word_1_31' title='bbox 625 1228 726 1293; x_wconf 86' lang='lat' dir='ltr'><strong>Trist.</strong></span> <span class='ocrx_word' id='word_1_32' title='bbox 744 1243 851 1309; x_wconf 26' lang='lat' dir='ltr'><strong>1r.·vs.</strong></span> <span class='ocrx_word' id='word_1_33' title='bbox 865 1227 940 1292; x_wconf 74' lang='lat'><strong>427.</strong></span> 
     </span>
    </p>
   </div>
   <div class='ocr_carea' id='block_1_6' title="bbox 306 1359 1136 1745">
    <p class='ocr_par' dir='ltr' id='par_1_6' title="bbox 308 1359 1092 1538">
     <span class='ocr_line' id='line_1_8' title="bbox 308 1359 1061 1443; baseline 0 -19"><span class='ocrx_word' id='word_1_34' title='bbox 308 1359 367 1425; x_wconf 87' lang='lat' dir='ltr'><strong>Sic</strong></span> <span class='ocrx_word' id='word_1_35' title='bbox 381 1377 443 1424; x_wconf 91' lang='lat' dir='ltr'><strong>sua</strong></span> <span class='ocrx_word' id='word_1_36' title='bbox 456 1359 587 1424; x_wconf 84' lang='lat' dir='ltr'><strong>lascivo</strong></span> <span class='ocrx_word' id='word_1_37' title='bbox 604 1366 737 1425; x_wconf 87' lang='lat' dir='ltr'><strong>cantata</strong></span> <span class='ocrx_word' id='word_1_38' title='bbox 750 1366 804 1424; x_wconf 91' lang='lat' dir='ltr'><strong>est</strong></span> <span class='ocrx_word' id='word_1_39' title='bbox 818 1377 911 1443; x_wconf 83' lang='lat' dir='ltr'><strong>saepe</strong></span> <span class='ocrx_word' id='word_1_40' title='bbox 926 1359 1061 1425; x_wconf 82' lang='lat' dir='ltr'><strong>Catullo</strong></span> 
     </span>
     <span class='ocr_line' id='line_1_9' title="bbox 352 1459 1092 1538; baseline 0.003 -16"><span class='ocrx_word' id='word_1_41' title='bbox 352 1459 520 1538; x_wconf 90' lang='lat' dir='ltr'><strong>Foemina,</strong></span> <span class='ocrx_word' id='word_1_42' title='bbox 535 1461 591 1526; x_wconf 91' lang='lat' dir='ltr'><strong>cui</strong></span> <span class='ocrx_word' id='word_1_43' title='bbox 606 1460 726 1525; x_wconf 87' lang='lat' dir='ltr'><strong>falsum</strong></span> <span class='ocrx_word' id='word_1_44' title='bbox 741 1461 866 1525; x_wconf 87' lang='lat' dir='ltr'><strong>Lesbia</strong></span> <span class='ocrx_word' id='word_1_45' title='bbox 880 1480 1002 1526; x_wconf 91' lang='lat' dir='ltr'><strong>numen</strong></span> <span class='ocrx_word' id='word_1_46' title='bbox 1012 1467 1092 1526; x_wconf 90' lang='lat' dir='ltr'><strong>erat.</strong></span> 
     </span>
    </p>

    <p class='ocr_par' dir='ltr' id='par_1_7' title="bbox 306 1559 1136 1745">
     <span class='ocr_line' id='line_1_10' title="bbox 306 1559 1098 1645; baseline 0.001 -21"><span class='ocrx_word' id='word_1_47' title='bbox 306 1559 383 1624; x_wconf 91' lang='lat' dir='ltr'><strong>Nec</strong></span> <span class='ocrx_word' id='word_1_48' title='bbox 399 1567 574 1626; x_wconf 89' lang='lat' dir='ltr'><strong>contentus</strong></span> <span class='ocrx_word' id='word_1_49' title='bbox 587 1581 639 1640; x_wconf 86' lang='lat' dir='ltr'><strong>ea,</strong></span> <span class='ocrx_word' id='word_1_50' title='bbox 653 1562 779 1626; x_wconf 86' lang='lat' dir='ltr'><strong>multos</strong></span> <span class='ocrx_word' id='word_1_51' title='bbox 794 1561 945 1645; x_wconf 84' lang='lat' dir='ltr'><strong>vulgavit</strong></span> <span class='ocrx_word' id='word_1_52' title='bbox 959 1581 1098 1640; x_wconf 89' lang='lat' dir='ltr'><strong>amores,</strong></span> 
     </span>
     <span class='ocr_line' id='line_1_11' title="bbox 348 1661 1136 1745; baseline 0.001 -20"><span class='ocrx_word' id='word_1_53' title='bbox 348 1661 389 1725; x_wconf 94' lang='lat' dir='ltr'><strong>In</strong></span> <span class='ocrx_word' id='word_1_54' title='bbox 404 1662 526 1745; x_wconf 90' lang='lat' dir='ltr'><strong>quihus</strong></span> <span class='ocrx_word' id='word_1_55' title='bbox 540 1661 613 1745; x_wconf 90' lang='lat' dir='ltr'><strong>ipse</strong></span> <span class='ocrx_word' id='word_1_56' title='bbox 627 1682 724 1728; x_wconf 90' lang='lat' dir='ltr'><strong>suum</strong></span> <span class='ocrx_word' id='word_1_57' title='bbox 739 1663 850 1727; x_wconf 86' lang='lat' dir='ltr'><strong>fassus</strong></span> <span class='ocrx_word' id='word_1_58' title='bbox 864 1663 1063 1729; x_wconf 84' lang='lat' dir='ltr'><strong>adulterium</strong></span> <span class='ocrx_word' id='word_1_59' title='bbox 1077 1668 1136 1728; x_wconf 88' lang='lat' dir='ltr'><strong>est.</strong></span> 
     </span>
    </p>
   </div>
   <div class='ocr_carea' id='block_1_7' title="bbox 317 1829 1134 1916">
    <p class='ocr_par' dir='ltr' id='par_1_8' title="bbox 317 1829 1134 1916">
     <span class='ocr_line' id='line_1_12' title="bbox 317 1829 1134 1916; baseline 0.001 -22"><span class='ocrx_word' id='word_1_60' title='bbox 317 1829 472 1895; x_wconf 88' lang='lat' dir='ltr'><strong>Velleius</strong></span> <span class='ocrx_word' id='word_1_61' title='bbox 488 1831 623 1896; x_wconf 86' lang='lat' dir='ltr'><strong>Patere.</strong></span> <span class='ocrx_word' id='word_1_62' title='bbox 640 1831 731 1898; x_wconf 88' lang='lat' dir='ltr'><strong>Hist.</strong></span> <span class='ocrx_word' id='word_1_63' title='bbox 747 1831 850 1896; x_wconf 86' lang='lat' dir='ltr'><strong>Rom.</strong></span> <span class='ocrx_word' id='word_1_64' title='bbox 865 1832 922 1897; x_wconf 89' lang='lat' dir='ltr'><strong>lib.</strong></span> <span class='ocrx_word' id='word_1_65' title='bbox 936 1849 976 1896; x_wconf 91' lang='grc' dir='ltr'><strong>ιι.</strong></span> <span class='ocrx_word' id='word_1_66' title='bbox 991 1853 1066 1916; x_wconf 92' lang='lat' dir='ltr'><strong>cap.</strong></span> <span class='ocrx_word' id='word_1_67' title='bbox 1081 1833 1134 1898; x_wconf 78' lang='lat'><strong>36.</strong></span> 
     </span>
    </p>
   </div>
   <div class='ocr_carea' id='block_1_8' title="bbox 174 1960 1274 2335">
    <p class='ocr_par' dir='ltr' id='par_1_9' title="bbox 174 1960 1274 2335">
     <span class='ocr_line' id='line_1_13' title="bbox 221 1960 1273 2047; baseline 0.003 -20"><span class='ocrx_word' id='word_1_68' title='bbox 221 1960 307 2040; x_wconf 85' lang='lat' dir='ltr'><strong>Quis</strong></span> <span class='ocrx_word' id='word_1_69' title='bbox 319 1964 407 2027; x_wconf 90' lang='lat' dir='ltr'><strong>enim</strong></span> <span class='ocrx_word' id='word_1_70' title='bbox 419 1965 560 2047; x_wconf 84' lang='lat' dir='ltr'><strong>ignorat,</strong></span> <span class='ocrx_word' id='word_1_71' title='bbox 575 1964 733 2029; x_wconf 86' lang='lat' dir='ltr'><strong>diremtos</strong></span> <span class='ocrx_word' id='word_1_72' title='bbox 747 1966 905 2047; x_wconf 84' lang='lat' dir='ltr'><strong>gradibus</strong></span> <span class='ocrx_word' id='word_1_73' title='bbox 918 1967 1027 2031; x_wconf 88' lang='lat' dir='ltr'><strong>aetatis</strong></span> <span class='ocrx_word' id='word_1_74' title='bbox 1041 1965 1194 2030; x_wconf 88' lang='lat' dir='ltr'><strong>floruisse</strong></span> <span class='ocrx_word' id='word_1_75' title='bbox 1208 1965 1273 2030; x_wconf 85' lang='lat' dir='ltr'><strong>hoc</strong></span> 
     </span>
     <span class='ocr_line' id='line_1_14' title="bbox 175 2064 1274 2150; baseline 0.002 -23"><span class='ocrx_word' id='word_1_76' title='bbox 175 2068 325 2147; x_wconf 89' lang='lat' dir='ltr'><strong>tempure</strong></span> <span class='ocrx_word' id='word_1_77' title='bbox 337 2064 542 2142; x_wconf 79' lang='lat' dir='ltr'><strong>Ciceronem,</strong></span> <span class='ocrx_word' id='word_1_78' title='bbox 556 2064 775 2130; x_wconf 88' lang='lat' dir='ltr'><strong>Hortensium</strong></span> <span class='ocrx_word' id='word_1_79' title='bbox 791 2111 903 2132; x_wconf 91' lang='grc'><strong>......</strong></span> <span class='ocrx_word' id='word_1_80' title='bbox 919 2073 1139 2150; x_wconf 87' lang='lat' dir='ltr'><strong>auctoresque</strong></span> <span class='ocrx_word' id='word_1_81' title='bbox 1155 2066 1274 2130; x_wconf 90' lang='lat' dir='ltr'><strong>carmi-</strong></span> 
     </span>
     <span class='ocr_line' id='line_1_15' title="bbox 175 2165 1274 2252; baseline 0.002 -24"><span class='ocrx_word' id='word_1_82' title='bbox 175 2183 252 2229; x_wconf 92' lang='lat' dir='ltr'><strong>num</strong></span> <span class='ocrx_word' id='word_1_83' title='bbox 267 2165 448 2232; x_wconf 86' lang='lat' dir='ltr'><strong>Varronem</strong></span> <span class='ocrx_word' id='word_1_84' title='bbox 464 2186 504 2231; x_wconf 92' lang='lat' dir='ltr'><strong>ac</strong></span> <span class='ocrx_word' id='word_1_85' title='bbox 524 2167 726 2245; x_wconf 81' lang='lat' dir='ltr'><strong>Lucretium,</strong></span> <span class='ocrx_word' id='word_1_86' title='bbox 740 2187 847 2252; x_wconf 89' lang='lat' dir='ltr'><strong>neque</strong></span> <span class='ocrx_word' id='word_1_87' title='bbox 860 2169 930 2234; x_wconf 89' lang='lat' dir='ltr'><strong>ullo</strong></span> <span class='ocrx_word' id='word_1_88' title='bbox 945 2170 980 2233; x_wconf 90' lang='lat' dir='ltr'><strong>in</strong></span> <span class='ocrx_word' id='word_1_89' title='bbox 997 2169 1148 2252; x_wconf 87' lang='lat' dir='ltr'><strong>suscepti</strong></span> <span class='ocrx_word' id='word_1_90' title='bbox 1163 2167 1274 2252; x_wconf 86' lang='lat' dir='ltr'><strong>operis</strong></span> 
     </span>
     <span class='ocr_line' id='line_1_16' title="bbox 174 2267 767 2335; baseline 0.007 -6"><span class='ocrx_word' id='word_1_91' title='bbox 174 2268 230 2330; x_wconf 88' lang='lat' dir='ltr'><strong>sui</strong></span> <span class='ocrx_word' id='word_1_92' title='bbox 244 2269 387 2332; x_wconf 87' lang='lat' dir='ltr'><strong>carmine</strong></span> <span class='ocrx_word' id='word_1_93' title='bbox 402 2269 562 2333; x_wconf 88' lang='lat' dir='ltr'><strong>minorem</strong></span> <span class='ocrx_word' id='word_1_94' title='bbox 576 2267 767 2335; x_wconf 82' lang='lat' dir='ltr'><strong>Catullumt</strong></span> 
     </span>
    </p>
   </div>
   <div class='ocr_carea' id='block_1_9' title="bbox 399 2437 1046 2506">
    <p class='ocr_par' dir='ltr' id='par_1_10' title="bbox 399 2437 1046 2506">
     <span class='ocr_line' id='line_1_17' title="bbox 399 2437 1046 2506; baseline 0.002 -4"><span class='ocrx_word' id='word_1_95' title='bbox 399 2437 449 2502; x_wconf 90' lang='lat' dir='ltr'><strong>M.</strong></span> <span class='ocrx_word' id='word_1_96' title='bbox 463 2439 592 2504; x_wconf 89' lang='lat' dir='ltr'><strong>Seneca</strong></span> <span class='ocrx_word' id='word_1_97' title='bbox 606 2439 736 2504; x_wconf 87' lang='lat' dir='ltr'><strong>Rhetor</strong></span> <span class='ocrx_word' id='word_1_98' title='bbox 747 2438 901 2506; x_wconf 85' lang='lat' dir='ltr'><strong>Controv.</strong></span> <span class='ocrx_word' id='word_1_99' title='bbox 918 2457 976 2505; x_wconf 86' lang='lat'>111.</span> <span class='ocrx_word' id='word_1_100' title='bbox 993 2440 1046 2506; x_wconf 83' lang='lat'><strong>19.</strong></span> 
     </span>
    </p>
   </div>
   <div class='ocr_carea' id='block_1_10' title="bbox 86 2569 1272 2889">
    <p class='ocr_par' dir='ltr' id='par_1_11' title="bbox 86 2569 1272 2889">
     <span class='ocr_line' id='line_1_18' title="bbox 219 2569 1271 2660; baseline 0.004 -28"><span class='ocrx_word' id='word_1_101' title='bbox 219 2569 302 2636; x_wconf 84' lang='lat' dir='ltr'><strong>Erat</strong></span> <span class='ocrx_word' id='word_1_102' title='bbox 316 2573 403 2639; x_wconf 89' lang='lat' dir='ltr'><strong>enim</strong></span> <span class='ocrx_word' id='word_1_103' title='bbox 416 2570 573 2660; x_wconf 82' lang='lat' dir='ltr'><strong>(Calvus)</strong></span> <span class='ocrx_word' id='word_1_104' title='bbox 583 2575 741 2660; x_wconf 87' lang='lat' dir='ltr'><strong>parvulus</strong></span> <span class='ocrx_word' id='word_1_105' title='bbox 752 2580 897 2655; x_wconf 85' lang='lat' dir='ltr'><strong>statura3</strong></span> <span class='ocrx_word' id='word_1_106' title='bbox 919 2577 1052 2658; x_wconf 89' lang='lat' dir='ltr'><strong>propter</strong></span> <span class='ocrx_word' id='word_1_107' title='bbox 1067 2571 1271 2657; x_wconf 85' lang='lat' dir='ltr'><strong>quodetiam</strong></span> 
     </span>
     <span class='ocr_line' id='line_1_19' title="bbox 174 2668 1272 2762; baseline 0.003 -28"><span class='ocrx_word' id='word_1_108' title='bbox 174 2668 329 2739; x_wconf 78' lang='lat' dir='ltr'><strong>Catullus</strong></span> <span class='ocrx_word' id='word_1_109' title='bbox 342 2674 378 2738; x_wconf 91' lang='lat' dir='ltr'><strong>in</strong></span> <span class='ocrx_word' id='word_1_110' title='bbox 389 2673 705 2762; x_wconf 89' lang='lat' dir='ltr'><strong>Hendecasyllabis¹</strong></span> <span class='ocrx_word' id='word_1_111' title='bbox 722 2681 823 2741; x_wconf 87' lang='lat' dir='ltr'><strong>vocat</strong></span> <span class='ocrx_word' id='word_1_112' title='bbox 832 2676 925 2741; x_wconf 92' lang='lat' dir='ltr'><strong>illum</strong></span> <span class='ocrx_word' id='word_1_113' title='bbox 940 2675 1160 2758; x_wconf 87' lang='lat' dir='ltr'><strong>‘salaputium</strong></span> <span class='ocrx_word' id='word_1_114' title='bbox 1170 2673 1272 2738; x_wconf 87' lang='lat' dir='ltr'><strong>diser-</strong></span> 
     </span>
     <span class='ocr_line' id='line_1_20' title="bbox 86 2774 266 2889; baseline 0.006 -52"><span class='ocrx_word' id='word_1_115' title='bbox 86 2837 134 2889; x_wconf 75' lang='lat' dir='ltr'><strong>s.</strong></span> <span class='ocrx_word' id='word_1_116' title='bbox 174 2774 266 2838; x_wconf 86' lang='lat' dir='ltr'><strong>tum&#39;</strong></span> 
     </span>
    </p>
   </div>
   <div class='ocr_carea' id='block_1_11' title="bbox 259 2924 1184 3113">
    <p class='ocr_par' dir='ltr' id='par_1_12' title="bbox 259 2924 1184 3113">
     <span class='ocr_line' id='line_1_21' title="bbox 259 2924 1184 3032; baseline 0.002 -26"><span class='ocrx_word' id='word_1_117' title='bbox 259 2943 298 3006; x_wconf 87' lang='lat' dir='ltr'><strong>L.</strong></span> <span class='ocrx_word' id='word_1_118' title='bbox 311 2944 439 3012; x_wconf 88' lang='lat' dir='ltr'><strong>Seneca</strong></span> <span class='ocrx_word' id='word_1_119' title='bbox 450 2945 678 3030; x_wconf 88' lang='lat' dir='ltr'><strong>Philosophus</strong></span> <span class='ocrx_word' id='word_1_120' title='bbox 691 2947 727 3010; x_wconf 92' lang='lat' dir='ltr'><strong>in</strong></span> <span class='ocrx_word' id='word_1_121' title='bbox 739 2924 1033 3032; x_wconf 81' lang='lat' dir='ltr'><strong>¹Apocolucyutosi</strong></span> <span class='ocrx_word' id='word_1_122' title='bbox 1047 2944 1184 3013; x_wconf 90' lang='lat' dir='ltr'><strong>Claudii</strong></span> 
     </span>
     <span class='ocr_line' id='line_1_22' title="bbox 644 3047 799 3113; baseline -0.006 -1"><span class='ocrx_word' id='word_1_123' title='bbox 644 3047 799 3113; x_wconf 88' lang='lat' dir='ltr'><strong>Caesaris.</strong></span> 
     </span>
    </p>
   </div>
   <div class='ocr_carea' id='block_1_12' title="bbox 216 3179 1267 3268">
    <p class='ocr_par' dir='ltr' id='par_1_13' title="bbox 216 3179 1267 3268">
     <span class='ocr_line' id='line_1_23' title="bbox 216 3179 1267 3268; baseline 0.005 -24"><span class='ocrx_word' id='word_1_124' title='bbox 216 3179 290 3244; x_wconf 89' lang='lat' dir='ltr'><strong>Nec</strong></span> <span class='ocrx_word' id='word_1_125' title='bbox 305 3181 688 3268; x_wconf 87' lang='lat' dir='ltr'><strong>mora,Cylleuiusillum</strong></span> <span class='ocrx_word' id='word_1_126' title='bbox 698 3183 788 3248; x_wconf 91' lang='lat' dir='ltr'><strong>collo</strong></span> <span class='ocrx_word' id='word_1_127' title='bbox 802 3186 935 3249; x_wconf 86' lang='lat' dir='ltr'><strong>obtorto</strong></span> <span class='ocrx_word' id='word_1_128' title='bbox 943 3183 1046 3249; x_wconf 88' lang='lat' dir='ltr'><strong>trahit</strong></span> <span class='ocrx_word' id='word_1_129' title='bbox 1061 3181 1246 3249; x_wconf 79' lang='lat' dir='ltr'><strong>adiutores</strong></span> <span class='ocrx_word' id='word_1_130' title='bbox 1259 3205 1267 3249; x_wconf 93' lang='lat'>:</span> 
     </span>
    </p>
   </div>
   <div class='ocr_carea' id='block_1_13' title="bbox 77 3279 895 3386">
    <p class='ocr_par' dir='ltr' id='par_1_14' title="bbox 77 3279 895 3386">
     <span class='ocr_line' id='line_1_24' title="bbox 77 3279 895 3386; baseline 0.006 -42"><span class='ocrx_word' id='word_1_131' title='bbox 77 3344 125 3386; x_wconf 51' lang='lat' dir='ltr'><em>l</em></span> <span class='ocrx_word' id='word_1_132' title='bbox 172 3285 184 3315; x_wconf 85' lang='lat'>‘</span> <span class='ocrx_word' id='word_1_133' title='bbox 198 3279 284 3346; x_wconf 93' lang='lat' dir='ltr'><strong>Illuc</strong></span> <span class='ocrx_word' id='word_1_134' title='bbox 300 3282 387 3348; x_wconf 88' lang='lat' dir='ltr'><strong>unde</strong></span> <span class='ocrx_word' id='word_1_135' title='bbox 401 3289 524 3368; x_wconf 85' lang='lat' dir='ltr'><strong>negant</strong></span> <span class='ocrx_word' id='word_1_136' title='bbox 537 3284 645 3349; x_wconf 87' lang='lat' dir='ltr'><strong>redire</strong></span> <span class='ocrx_word' id='word_1_137' title='bbox 659 3284 895 3369; x_wconf 86' lang='lat' dir='ltr'><strong>quemquam.&#39;²</strong></span> 
     </span>
    </p>
   </div>
   <div class='ocr_carea' id='block_1_14' title="bbox 377 3454 1062 3540">
    <p class='ocr_par' dir='ltr' id='par_1_15' title="bbox 377 3454 1062 3540">
     <span class='ocr_line' id='line_1_25' title="bbox 377 3454 1062 3540; baseline 0.003 -22"><span class='ocrx_word' id='word_1_138' title='bbox 377 3454 510 3519; x_wconf 87' lang='lat' dir='ltr'><strong>Plinius</strong></span> <span class='ocrx_word' id='word_1_139' title='bbox 526 3456 640 3540; x_wconf 87' lang='lat' dir='ltr'><strong>Major</strong></span> <span class='ocrx_word' id='word_1_140' title='bbox 654 3455 859 3520; x_wconf 87' lang='lat' dir='ltr'><strong>Praefatiune</strong></span> <span class='ocrx_word' id='word_1_141' title='bbox 875 3455 966 3519; x_wconf 81' lang='lat' dir='ltr'><strong>Hist</strong></span> <span class='ocrx_word' id='word_1_142' title='bbox 982 3455 1062 3520; x_wconf 89' lang='lat' dir='ltr'><strong>Nat.</strong></span> 
     </span>
    </p>
   </div>
   <div class='ocr_carea' id='block_1_15' title="bbox 167 3584 1267 3873">
    <p class='ocr_par' dir='ltr' id='par_1_16' title="bbox 167 3584 1267 3873">
     <span class='ocr_line' id='line_1_26' title="bbox 213 3584 1267 3671; baseline 0.003 -22"><span class='ocrx_word' id='word_1_143' title='bbox 213 3584 370 3669; x_wconf 89' lang='lat' dir='ltr'><strong>Namque</strong></span> <span class='ocrx_word' id='word_1_144' title='bbox 392 3592 429 3650; x_wconf 94' lang='lat' dir='ltr'><strong>tu</strong></span> <span class='ocrx_word' id='word_1_145' title='bbox 453 3589 588 3653; x_wconf 89' lang='lat' dir='ltr'><strong>solebas</strong></span> <span class='ocrx_word' id='word_1_146' title='bbox 608 3608 700 3652; x_wconf 88' lang='lat' dir='ltr'><strong>meas</strong></span> <span class='ocrx_word' id='word_1_147' title='bbox 722 3607 798 3653; x_wconf 89' lang='lat' dir='ltr'><strong>esse</strong></span> <span class='ocrx_word' id='word_1_148' title='bbox 821 3587 948 3671; x_wconf 86' lang='lat' dir='ltr'><strong>aliquid</strong></span> <span class='ocrx_word' id='word_1_149' title='bbox 962 3592 1080 3670; x_wconf 89' lang='lat' dir='ltr'><strong>putare</strong></span> <span class='ocrx_word' id='word_1_150' title='bbox 1100 3607 1214 3670; x_wconf 84' lang='lat' dir='ltr'><strong>nugas,</strong></span> <span class='ocrx_word' id='word_1_151' title='bbox 1230 3595 1267 3652; x_wconf 89' lang='lat' dir='ltr'><strong>ut</strong></span> 
     </span>
     <span class='ocr_line' id='line_1_27' title="bbox 169 3684 1265 3771; baseline 0 -20"><span class='ocrx_word' id='word_1_152' title='bbox 169 3685 316 3770; x_wconf 90' lang='lat' dir='ltr'><strong>objicere</strong></span> <span class='ocrx_word' id='word_1_153' title='bbox 337 3687 454 3751; x_wconf 86' lang='lat' dir='ltr'><strong>moliar</strong></span> <span class='ocrx_word' id='word_1_154' title='bbox 480 3686 648 3757; x_wconf 90' lang='lat' dir='ltr'><strong>Catullum</strong></span> <span class='ocrx_word' id='word_1_155' title='bbox 670 3693 922 3753; x_wconf 86' lang='lat' dir='ltr'><strong>conterraneum</strong></span> <span class='ocrx_word' id='word_1_156' title='bbox 943 3706 1072 3751; x_wconf 90' lang='lat' dir='ltr'><strong>meum:</strong></span> <span class='ocrx_word' id='word_1_157' title='bbox 1092 3684 1265 3771; x_wconf 87' lang='lat' dir='ltr'><strong>(agnoscis</strong></span> 
     </span>
     <span class='ocr_line' id='line_1_28' title="bbox 167 3786 1267 3873; baseline 0.001 -21"><span class='ocrx_word' id='word_1_158' title='bbox 167 3793 201 3852; x_wconf 91' lang='lat' dir='ltr'><strong>et</strong></span> <span class='ocrx_word' id='word_1_159' title='bbox 213 3788 279 3852; x_wconf 93' lang='lat' dir='ltr'><strong>hoc</strong></span> <span class='ocrx_word' id='word_1_160' title='bbox 302 3792 469 3852; x_wconf 89' lang='lat' dir='ltr'><strong>castrense</strong></span> <span class='ocrx_word' id='word_1_161' title='bbox 483 3786 637 3873; x_wconf 87' lang='lat' dir='ltr'><strong>verbum)</strong></span> <span class='ocrx_word' id='word_1_162' title='bbox 650 3789 705 3853; x_wconf 91' lang='lat' dir='ltr'><strong>ille</strong></span> <span class='ocrx_word' id='word_1_163' title='bbox 726 3791 822 3868; x_wconf 91' lang='lat' dir='ltr'><strong>enim,</strong></span> <span class='ocrx_word' id='word_1_164' title='bbox 838 3793 876 3852; x_wconf 85' lang='lat' dir='ltr'><strong>ut</strong></span> <span class='ocrx_word' id='word_1_165' title='bbox 894 3789 973 3866; x_wconf 89' lang='lat' dir='ltr'><strong>scis,</strong></span> <span class='ocrx_word' id='word_1_166' title='bbox 988 3788 1184 3872; x_wconf 89' lang='lat' dir='ltr'><strong>permutatis</strong></span> <span class='ocrx_word' id='word_1_167' title='bbox 1198 3790 1267 3872; x_wconf 91' lang='lat' dir='ltr'><strong>pri·</strong></span> 
     </span>
    </p>
   </div>
   <div class='ocr_carea' id='block_1_16' title="bbox 663 4018 909 4073">
    <p class='ocr_par' dir='ltr' id='par_1_17' title="bbox 663 4018 909 4073">
     <span class='ocr_line' id='line_1_29' title="bbox 663 4018 909 4073; baseline -0.012 -2"><span class='ocrx_word' id='word_1_168' title='bbox 663 4018 772 4071; x_wconf 80' lang='lat' dir='ltr'>NOTAE</span> <span class='ocrx_word' id='word_1_169' title='bbox 877 4061 883 4073; x_wconf 84' lang='grc'><em>,</em></span> <span class='ocrx_word' id='word_1_170' title='bbox 906 4060 909 4068; x_wconf 96' lang='grc'><strong>.</strong></span> 
     </span>
    </p>
   </div>
   <div class='ocr_carea' id='block_1_17' title="bbox 768 4162 1206 4215">
    <p class='ocr_par' dir='ltr' id='par_1_18' title="bbox 768 4162 1206 4215">
     <span class='ocr_line' id='line_1_30' title="bbox 768 4162 1206 4215; baseline 0 -2"><span class='ocrx_word' id='word_1_171' title='bbox 768 4165 781 4193; x_wconf 79' lang='lat'><em>2</em></span> <span class='ocrx_word' id='word_1_172' title='bbox 798 4162 895 4215; x_wconf 84' lang='lat' dir='ltr'><strong>Versus</strong></span> <span class='ocrx_word' id='word_1_173' title='bbox 907 4167 947 4215; x_wconf 80' lang='lat' dir='ltr'><strong>est</strong></span> <span class='ocrx_word' id='word_1_174' title='bbox 959 4163 1054 4214; x_wconf 85' lang='lat' dir='ltr'><strong>catull.</strong></span> <span class='ocrx_word' id='word_1_175' title='bbox 1066 4162 1151 4215; x_wconf 78' lang='lat' dir='ltr'><strong>Corui.</strong></span> <span class='ocrx_word' id='word_1_176' title='bbox 1163 4175 1206 4213; x_wconf 87' lang='grc' dir='ltr'><strong>ιιι.</strong></span> 
     </span>
    </p>
   </div>
   <div class='ocr_carea' id='block_1_18' title="bbox 0 0 1392 4702">
    <p class='ocr_par' dir='ltr' id='par_1_19' title="bbox 0 0 1392 4702">
     <span class='ocr_line' id='line_1_31' title="bbox 0 0 1392 4702; baseline 0 4"><span class='ocrx_word' id='word_1_177' title='bbox 0 0 1392 4702; x_wconf 95' lang='lat' dir='ltr'><strong> </strong></span> 
     </span>
    </p>
   </div>
  </div>
 </body>
</html>
