2774 4702
572 323 730 375 cannen
754 327 859 378 cxvi.

198 461 288 543 Quis
302 471 335 528 te
349 463 487 529 lenirem
500 464 609 544 nobis,
622 486 685 531 nen
701 487 859 534 conarere

190 650 193 654 Ι
242 565 406 630 Infestum
421 567 498 629 telis
511 567 611 644 icere,
626 587 752 647 musca,
768 579 895 654 capnt:

198 666 302 732 Hunc
318 666 415 731 video
430 669 511 731 mihi
527 688 614 733 nunc
629 669 747 735 frustra
762 676 907 736 sumtum
922 691 998 737 esse
1010 673 1170 754 laborem,
1234 679 1256 740 5

241 767 344 846 Gelli,
358 789 421 832 nec
437 775 569 833 nostras
584 771 661 835 hinc
678 773 822 836 valuisse
835 793 962 858 preces.
1068 798 1072 807 ⁴

197 868 325 934 Contra
338 890 400 933 nos
414 872 484 936 tela
498 872 564 935 ista
579 879 639 937 tue
653 874 816 938 evitamus
831 877 976 941 amictu:

240 971 289 1036 At
302 972 395 1035 fixus
409 974 531 1038 nostris
547 981 583 1038 tu
598 975 687 1039 dabi’
701 978 919 1060 supplicium.

147 1137 263 1200 ditigesti
278 1151 336 1187 cara
350 1138 532 1199 insculpenda,
548 1137 630 1200 quibas
645 1144 670 1187 te
685 1139 744 1188 mitri
758 1140 884 1201 phemm,
894 1137 1075 1204 efficeremque
1087 1145 1115 1190 at
1131 1146 1253 1204 tunquam

148 1215 232 1251 nm
241 1215 287 1250 sos
297 1207 427 1251 attentares
437 1203 523 1251 scabis
533 1203 591 1251 miti
602 1208 671 1264 capnt
678 1203 723 1251 iiii
733 1204 933 1263 incisnmsesir05
948 1206 1015 1253 nodo
1023 1220 1133 1266 cognoce
1147 1205 1252 1256 tandem

148 1265 224 1314 inus
239 1265 299 1314 scitii
308 1266 409 1315 laborem
424 1266 621 1324 incusumfsisse
629 1272 770 1330 sexenium,
780 1282 853 1330 neque
862 1269 925 1317 circo
935 1268 978 1316 loc
986 1268 1077 1332 aliquid
1087 1269 1186 1320 edsius
1201 1286 1253 1320 mea

147 1334 214 1379 estc.
248 1331 303 1390 ligo
320 1331 398 1392 igitur
409 1330 469 1379 solis
486 1330 588 1379 venitm
602 1332 720 1380 declinabo
731 1331 791 1380 istus
806 1337 858 1381 tans
868 1332 987 1394 sagittam
1004 1336 1031 1381 tu
1046 1348 1101 1382 cero
1115 1335 1175 1386 meis
1189 1335 1251 1385 telis

145 1393 255 1458 confixus
261 1393 370 1442 neritum
380 1395 535 1443 temeritatis
545 1395 593 1443 tues
601 1409 701 1457 punam.

618 1488 798 1508 m

147 1553 219 1602 nude
230 1554 274 1604 ille
283 1557 389 1606 munde
400 1557 576 1619 requirens—t
595 1555 644 1610 Qui
656 1562 680 1605 te
694 1557 792 1606 neuen
802 1557 828 1605 in
840 1558 909 1607 Stat.
920 1557 997 1607 codd.
1008 1558 1175 1620 melioribus;
1189 1562 1249 1617 Quae
1276 1602 1280 1606 .

147 1620 173 1666 te
183 1617 285 1668 lesum
296 1620 322 1667 in
332 1621 404 1670 Brix.
429 1620 503 1676 Queis
513 1625 537 1668 te
548 1621 652 1679 lenirem,
670 1620 737 1668 nodis
747 1635 800 1682 seu,
810 1624 851 1684 tc.
867 1622 893 1670 in
907 1622 966 1671 Ald.
976 1622 1050 1671 dunt.
1064 1623 1165 1686 Gryph.
1177 1626 1247 1677 Mur.

148 1687 179 1731 et
192 1684 390 1746 recentioribus,
402 1684 452 1733 nisi
469 1683 537 1748 quod
549 1692 623 1733 recte
635 1691 694 1748 post
706 1685 802 1733 lesimn
814 1686 916 1734 sublata
930 1692 971 1734 est
988 1685 1175 1749 interpunctio,
1185 1690 1250 1751 prie-

147 1752 232 1795 cnnte
243 1747 435 1810 scaligero—d
452 1748 483 1796 ln
507 1747 572 1798 Stat.
586 1747 662 1796 codd.
683 1748 842 1810 melioribus,
857 1749 918 1798 l'eiis
936 1749 1023 1809 infesta
1043 1751 1249 1816 mutamusque

148 1814 239 1873 σιμὴ·
256 1810 317 1859 irinc
334 1811 388 1874 ille,
411 1810 475 1860 Telis
500 1810 617 1871 infestans
631 1811 665 1860 sni
689 1811 751 1860 icere
767 1828 845 1862 masec
866 1819 955 1876 capam
972 1815 998 1863 in
1015 1814 1083 1863 scal.
1110 1815 1169 1865 cod.
1186 1817 1250 1866 Telis

147 1873 260 1932 sumum
281 1876 369 1932 iicerrr
396 1875 465 1924 unde
493 1873 606 1937 retinxit,
633 1876 696 1952 Telis
719 1876 806 1952 infesto
827 1878 860 1953 φῖ
881 1877 952 1941 icere,
968 1893 1055 1935 mma,
1075 1885 1153 1956 const,
1175 1881 1249 1956 ‘qnod

147 1938 506 2064 instititutittdt·
531 1953 606 1988 ⁰
615 1940 1080 2068 .it..”tl’..tt‘t:.ttitttti
1100 1943 1251 2058 litent

145 2065 263 2126 issem
282 2067 344 2116 icere
362 2068 396 2116 sui
415 2082 488 2129 usquc
502 2072 572 2130 capnt
592 2068 618 2115 in
636 2068 724 2118 Graev.
751 2069 813 2118 Telis
827 2069 940 2129 infestum
955 2071 1049 2119 mittere
1065 2086 1160 2134 musque
1180 2080 1249 2136 ceput
1329 2127 1337 2136 ,

102 2145 106 2156 ·
145 2129 174 2178 in
194 2131 306 2180 Marcilii
327 2131 501 2189 membranis3
519 2129 588 2179 unde
609 2132 679 2195 conj.
699 2132 761 2182 Telis
781 2132 893 2192 eperum
911 2135 972 2183 icere
987 2135 1020 2182 nsi
1036 2149 1108 2198 nsque
1122 2142 1202 2199 capnt,
1219 2146 1248 2188 et

143 2193 257 2254 isjm
269 2196 377 2258 interpr.
389 2198 397 2223 ‘
407 2193 557 2244 infestatum
568 2193 585 2242 ε’
597 2195 689 2255 Infesta
697 2197 723 2245 in
734 2204 839 2247 nostrum
849 2199 942 2247 mittere
953 2200 1075 2260 telscspnt
1083 2214 1116 2247 ex
1128 2208 1179 2249 vet.
1188 2202 1247 2251 cod.

145 2257 249 2322 profert
259 2260 336 2308 Voss.
347 2260 391 2308 ‘et
402 2274 474 2320 sane,
490 2259 539 2306 nisi
551 2258 669 2308 turbatus
687 2261 822 2310 verborum
839 2262 903 2310 ordo
921 2271 1013 2323 aperte
1026 2264 1182 2312 correctoris
1193 2279 1245 2312 ma·

141 2336 206 2379 num
227 2322 361 2385 proderet,
377 2324 498 2372 lubenter
515 2324 540 2371 in
557 2323 605 2372 hac
618 2324 678 2372 lect.
699 2339 730 2372 sc
750 2324 936 2376 nisscerernns.'
953 2326 1027 2375 Docr.
1060 2325 1179 2385 Insertum
1192 2331 1247 2377 telis

143 2385 332 2450 &neminum
341 2393 412 2451 capnt
421 2402 456 2436 ex
468 2387 545 2436 codd.
561 2386 611 2448 legi
624 2386 704 2448 jussit
743 2388 807 2438 eins.
840 2390 1040 2438 Lect.nostram
1055 2391 1245 2442 servantBrix.

144 2449 245 2513 erypn
266 2453 381 2501 slim—ti
398 2451 429 2500 ln
442 2451 536 2500 Venet.
547 2464 589 2499 an.
601 2451 753 2501 luduntur.
772 2459 800 2500 et
809 2452 898 2502 (ἴτων.
919 2453 964 2501 isac
974 2452 1093 2509 odaism
1104 2454 1130 2502 in
1142 2454 1243 2518 Grypo.

145 2522 175 2562 at
184 2516 373 2565 recentioribus
384 2515 439 2564 linc
453 2516 568 2570 nominer
588 2515 726 2563 Bondanns
742 2517 768 2564 in
786 2517 848 2564 Var.
866 2516 926 2566 lee't.
947 2531 973 2579 p.
992 2519 1048 2564 124.
1066 2519 1132 2580 conj.
1152 2523 1246 2567 soncos

142 2578 275 2638 adnisos,-
294 2581 375 2630 Doer.
394 2579 445 2640 inc,
466 2579 506 2626 vei
525 2579 551 2627 id
567 2579 724 2628 misisse-⁷
743 2580 823 2635 Quare
837 2593 879 2628 sos
894 2581 941 2628 teta
961 2579 1040 2628 tacite
1059 2581 1159 2643 recepit
1172 2582 1243 2631 Mur.

142 2641 284 2692 evitabimus
291 2644 368 2692 smicn
375 2658 408 2691 ex
417 2642 566 2692 melioribus
578 2642 654 2690 codd.
665 2639 744 2691 affert
754 2644 827 2694 Voss.
837 2643 906 2691 unde
918 2648 1002 2693 tentat
1013 2643 1152 2692 evitabimus
1160 2644 1243 2696 Minis.

142 2709 192 2753 -8
209 2705 320 2821 ΨΜ,
329 2706 404 2756 velA
476 2707 521 2768 ,in
532 2704 594 2755 edd.
612 2711 677 2754 vett.
701 2707 806 2770 dist-cus
817 2707 842 2754 iu
861 2705 940 2756 codd.
950 2707 1017 2757 Scal.
1029 2712 1056 2756 et
1067 2709 1141 2759 Voss.
1153 2709 1198 2759 ulii
1208 2710 1244 2759 lc-

144 2775 217 2834 gnnt,
242 2772 373 2836 Μαι·
425 2772 430 2783 ’
451 2769 706 2832 tumiiisapplicinm.

140 2961 236 3024 sitari3
256 2969 285 3013 st
299 2963 352 3024 illa,
369 2963 463 3028 quibus
482 2962 540 3026 ipse
558 2961 674 3012 Gellium
713 2961 777 3023 tels,
800 2976 856 3027 qne
878 2977 906 3013 se
928 2962 1064 3014 missurum
1086 2965 1244 3030 minabatur,

142 3037 213 3100 fixit,
225 3052 281 3087 earn
299 3039 349 3087 vim
363 3039 460 3088 babere
478 3037 552 3100 dicit,
563 3044 592 3086 ut
604 3037 673 3100 apud
714 3039 811 3088 amictu
832 3040 887 3089 solo
908 3041 1028 3103 evitabit,
1055 3048 1128 3091 veste
1149 3056 1243 3105 nempe

141 3128 245 3165 omnem
264 3116 443 3177 posteritatem
462 3112 574 3163 nefarias
594 3113 675 3162 Gellii
713 3121 792 3175 capnt
809 3114 966 3178 obtegendo,
982 3115 1052 3178 qnod
1071 3115 1174 3164 levioris
1190 3117 1243 3167 sint

111 3198 114 3203 ’
140 3189 266 3240 libidines
285 3192 455 3253 propalatura
472 3190 534 3249 sint,
555 3188 624 3237 unde
636 3196 675 3236 te·
713 3188 843 3236 momenti.

141 3265 347 3326 neutrumne,
364 3263 432 3328 qnod
451 3264 582 3313 Catullum
602 3265 673 3310 volu·
746 3261 816 3309 Sl'a
835 3260 912 3323 dnli']
948 3260 1080 3325 Abjioitnr
1102 3276 1123 3324 s,
1141 3263 1168 3311 in
1189 3262 1242 3314 fine

140 3338 194 3388 erit
214 3339 321 3403 ledere,
342 3355 432 3404 pinnas
453 3340 616 3403 gravissimas
637 3338 674 3387 sit
712 3334 845 3395 dictionis,
855 3334 932 3397 dadis,
941 3336 968 3384 in
986 3336 1127 3396 scansione,
1145 3337 1243 3400 quoda

142 3411 260 3462 daturus.
712 3409 811 3458 Priscis
823 3407 879 3459 fieri
892 3410 1054 3458 consuevisse
1065 3410 1153 3460 multis
1165 3420 1242 3474 patet

173 3488 322 3538 iccmisa
332 3488 468 3552 Bntticdoe]
484 3488 617 3537 Incertum
629 3503 672 3537 ea·
711 3486 848 3548 exemplis.
881 3487 913 3538 Q·
932 3486 1050 3535 Catullus
1072 3486 1140 3550 apud
1161 3486 1243 3538 Gelli·

138 3575 174 3612 ne
184 3563 307 3613 Carmina
318 3563 378 3624 siut,
386 3579 443 3627 quae
455 3563 489 3611 de
500 3563 581 3612 Come
592 3563 671 3612 Bere·
710 3576 767 3611 nm:
785 3564 793 3590 ⁸
805 3561 899 3611 lbimns
918 3563 1052 3626 quasitnur
1064 3576 1072 3611 r
1089 3577 1179 3612 rernm
1188 3562 1241 3627 ipsi
1332 3565 1337 3575 '

137 3639 240 3689 nicene
255 3639 413 3689 Callimacho
433 3637 566 3690 transtulit
582 3638 671 3687 Catnl-
711 3651 744 3685 ne
754 3637 1031 3687 tenearnanormido:
1043 3637 1105 3702 qnid
1116 3639 1183 3702 agn?
1194 3639 1241 3689 det

137 3715 189 3776 tus,
199 3728 232 3762 su
247 3715 298 3763 sita
317 3714 403 3763 Gellio
421 3713 550 3763 instanter
569 3713 670 3776 petenti
711 3711 798 3761 Venus
808 3712 962 3762 consilium.'
995 3713 1068 3763 Idem
1078 3714 1145 3775 apud
1161 3714 1239 3764 Lucr.

137 3788 244 3838 mittere
252 3788 407 3838 instituerit.
439 3788 516 3837 Unde
525 3801 603 3850 porro
612 3787 670 3836 Cal·
711 3786 719 3813 ‘
731 3787 794 3835 Cain
806 3787 982 3836 nihilomnino
993 3787 1068 3837 tieret
1079 3803 1111 3836 ex
1123 3788 1239 3839 omnibus

136 3864 374 3914 limaciusdicatur
386 3862 556 3913 ‘Battiades'
567 3865 669 3912 a‘Bat·
710 3861 802 3911 rebus!
833 3863 884 3911 Sed
902 3863 1017 3912 nonnulli
1027 3863 1093 3911 hanc
1104 3862 1238 3912 elisionem

138 3938 184 3989 to'
196 3947 307 4004 parente
314 3942 372 4004 jam
382 3954 462 4003 snpra
472 3940 583 3989 diximus
591 3939 669 3989 abun·
708 3940 808 3988 evitare
824 3940 951 4002 volentes,
962 3939 999 3986 sic
1016 3944 1159 3986 extremum
1168 3936 1238 3988 hunc

137 4017 180 4066 de.
709 4015 805 4064 Catulli
826 4030 927 4064 versum
956 4016 1042 4076 legere
1072 4014 1236 4069 maluerunts

170 4095 186 4140 7
204 4091 296 4141 Contra
312 4107 355 4141 nos
372 4093 421 4141 istc
434 4092 482 4142 istc
498 4092 552 4155 tua]
573 4091 669 4142 iocose
707 4091 960 4155 Affinnsqsednlists
970 4087 1188 4152 niiisupplicisrs.

136 4165 669 4233 Gelllnndaridendonsseritl’oiits,qnod
972 4164 975 4169 '

203 4247 401 4313 licinii-stiur.
414 4248 481 4301 cns.
661 4245 742 4297 cusi.
1143 4237 1172 4294 X
