2774 4702
589 320 781 369 nrisrons.

266 466 449 530 Instructas
464 463 566 543 acies,
581 464 693 529 locata
708 469 830 542 castra,

265 566 288 631 J
290 584 369 650 uges
382 566 556 644 excubias,
568 569 603 630 et
617 583 711 630 arma
724 571 864 631 cunctas

268 667 462 733 Formidata
476 666 533 731 diu
547 685 606 750 per
623 665 714 731 orbis
729 685 805 732 oras

266 770 433 834 Discebas
445 767 588 849 aridus3
608 768 776 853 ferumque
791 769 937 836 Poenum

265 869 322 935 Ad
336 869 471 936 Cannas
484 870 827 956 Thrasymenicasque
842 872 955 938 lauros

266 970 484 1039 scandentem
498 971 628 1055 gelidas
643 990 787 1057 sequens
801 992 861 1056 per
875 971 995 1056 Alpes,

266 1071 337 1139 Ant
350 1073 470 1157 Byrsae
482 1072 633 1138 meritam
648 1071 756 1138 vicem
772 1068 960 1164 inferentem

269 1174 401 1239 Mirans
416 1174 611 1258 Scipiaden,
625 1193 763 1240 morave
778 1179 879 1240 cauta

266 1273 466 1341 Vincentem
480 1276 634 1354 Fabium,
649 1282 707 1342 aut
721 1274 949 1340 Macedonum
964 1275 1054 1340 arvis

268 1374 476 1441 sternentem
491 1376 664 1442 AEmilinm
678 1396 787 1443 aereas
800 1377 989 1461 phalanges,

268 1475 311 1543 Et
325 1472 482 1561 quicquid
496 1476 654 1543 decorum
668 1479 829 1543 exhibent
845 1477 1012 1558 Quiritum

266 1575 418 1643 Annales
433 1579 553 1662 cupide
567 1580 691 1665 legens,
705 1579 861 1644 Paternis

268 1677 455 1742 Suescebas
471 1679 577 1743 aciem
589 1680 756 1762 applicare
768 1678 879 1756 factis,

270 1776 419 1859 MagniS,
433 1777 583 1861 Jupiter!
606 1784 638 1843 et
651 1778 839 1843 laboriosis.

269 1878 358 1943 Tum
373 1886 407 1944 te
418 1898 481 1944 uec
497 1880 652 1944 manibus
666 1881 792 1945 bonum
808 1878 987 1958 Catullum,

269 1978 292 2043 J
293 1999 427 2045 ecorum
441 1986 474 2046 et
490 1981 609 2045 salium
623 1987 749 2064 patrem
763 1980 930 2046 Catullum

269 2080 416 2164 Pigebat
429 2080 589 2159 tenuisse,
604 2087 638 2147 et
651 2081 718 2147 hoc
733 2101 851 2147 severo

270 2181 485 2248 contractam
499 2181 612 2246 studio
625 2182 796 2266 explicare
808 2181 964 2259 frontem,

268 2285 368 2368 Saepe
383 2289 417 2349 ct
430 2282 562 2366 Virgilii
577 2303 710 2365 mrem
720 2284 852 2369 jocosis

270 2385 401 2449 Mutare
417 2383 721 2469 Hendecaeyllabis
735 2385 944 2452 camoenam.

271 2485 343 2549 En!
365 2491 481 2550 nostra
495 2485 557 2551 tibi
571 2488 704 2570 pumice
717 2487 887 2571 expolitus

268 2585 437 2667 Lepornm
450 2604 490 2649 ac
504 2582 673 2650 Venenum
687 2605 808 2669 parens
823 2584 978 2651 Catullus
1032 2600 1036 2605 ’

270 2684 365 2750 Sistit
380 2703 454 2749 sese
469 2684 603 2764 iterum,
618 2686 753 2768 tuisque
766 2687 866 2766 gestit

269 2780 448 2846 Infamem
462 2785 639 2860 auspiciis,
653 2791 687 2841 ct
700 2798 761 2841 ora
773 2780 860 2842 ferri.

270 2883 373 2947 Hunc
387 2885 424 2944 tu
438 2884 477 2943 ut
489 2879 643 2960 excipias
657 2878 828 2961 benignus,
845 2899 916 2957 oro,

269 2979 349 3045 Tibi
362 2975 455 3042 haud
469 2974 656 3041 indecorem
669 2976 835 3061 hospitem
849 2978 1007 3059 sutrinum,

271 3080 394 3147 (larum
409 3076 591 3142 Nobilibus
606 3077 768 3157 sodalem,
782 3086 817 3146 et
829 3080 910 3145 olim

273 3180 390 3264 Magni
405 3177 552 3244 (laesuris
565 3179 735 3263 hospitem
751 3179 940 3263 Catullum3

272 3283 316 3349 Et
330 3282 454 3365 probes
465 3279 611 3346 studium
626 3281 688 3345 tibi
704 3282 877 3357 offerentis,

270 3385 503 3465 Devotumqne
521 3383 680 3461 animum,
693 3387 727 3448 et
740 3382 837 3447 fidele
850 3387 980 3464 pectus,
1005 3376 1008 3381 ’

271 3486 302 3549 0
319 3484 513 3561 Daunum,
533 3484 668 3549 soboles
680 3485 779 3549 beuta
794 3482 939 3560 Maeni,

272 3586 383 3664 Quem
398 3589 488 3648 totus
501 3589 615 3667 stupet
629 3604 670 3649 ac
684 3590 814 3649 veretur
829 3581 938 3659 orbis3
969 3583 975 3593 '

272 3687 465 3760 Daunum,
482 3681 627 3762 deliciae,
642 3688 742 3767 atque
757 3700 850 3746 amor
864 3680 993 3763 Lycaei,

271 3787 463 3862 Daunum,
477 3784 670 3867 praesidium
686 3784 855 3865 decusque
868 3786 1026 3862 nostrum,

270 3885 334 3951 Cui
349 3885 437 3951 dono
457 3885 609 3969 lepidum
623 3885 742 3949 librum
757 3881 896 3948 Catulli.

172 4097 275 4148 Lutetia
287 4096 449 4161 Parisiorum,
459 4097 518 4147 Kal.
530 4096 608 4145 Mart.
619 4107 659 4143 ιιι.
673 4090 732 4139 cta
746 4090 819 4138 lese.
859 4120 861 4124 ψ
960 4082 963 4091 '
