2774 4702
497 308 652 356 GARMEN
682 310 816 357 vanl.

145 454 182 517 Is
199 453 352 516 clausum
366 452 436 523 lato
450 451 609 534 patefecit
622 451 727 518 limite
743 472 911 535 campum,

189 553 293 635 Isque
308 551 444 615 domum
457 550 566 629 nobis,
583 551 680 635 isque
694 551 788 617 dedit
801 552 967 618 dominam
980 575 987 619 :

145 655 201 720 Ad
217 672 316 737 quam
331 671 524 717 communes
537 669 765 718 exerceremus
779 672 922 731 amores,

191 755 269 833 Quo
283 771 359 816 mea
374 770 411 815 se
422 751 514 816 molli
529 752 672 827 candida
688 753 780 818 Diva
795 754 880 836 pede

146 856 277 931 Intulit,
292 860 326 919 et
339 854 416 919 trito
429 852 611 936 fulgentem
625 855 661 919 in
674 855 790 920 limine
805 856 953 937 plantam

189 957 324 1033 Ianira,
339 960 457 1036 arguta
471 955 621 1021 constitit
634 956 669 1019 in
681 956 795 1021 solea:

145 1057 309 1141 Conjugis
321 1060 358 1119 ut
372 1055 542 1138 quondam
556 1054 703 1138 flagrans
717 1057 851 1124 advenit
866 1077 992 1137 amore,

188 1156 429 1224 Protesilaeam
444 1155 630 1222 laodamia
643 1156 779 1222 domurn

101 1340 217 1400 miserit,
226 1340 263 1388 iia
272 1338 332 1386 miii
337 1336 390 1396 seit
401 1337 508 1386 Mandas
518 1338 643 1388 auxilium.
678 1336 800 1400 Ilkagros
807 1345 921 1400 augustos
930 1340 989 1389 milri
999 1340 1204 1406 wmsustridaa

102 1403 233 1460 diluiaoii,·
246 1402 299 1464 ipse
308 1401 368 1450 midi
386 1402 488 1460 domum
506 1400 557 1463 ipre
572 1401 632 1450 ouili
652 1403 752 1451 audeam
771 1403 855 1452 haim
871 1405 947 1465 dedit,
965 1419 1035 1467 qaam
1050 1408 1207 1456 communitas

103 1468 339 1523 Miiseoleresaw
355 1464 421 1529 ipae,
439 1465 553 1528 inquam,
564 1465 667 1515 domum
687 1465 770 1529 dedit,
788 1481 859 1529 qaum
874 1468 929 1516 Deo
945 1482 996 1516 meo
1014 1470 1106 1531 placido
1122 1484 1205 1532 pressa

103 1531 176 1591 adiit,
191 1535 215 1578 et
225 1530 336 1578 mm
346 1528 372 1576 in
389 1528 471 1577 lissiae
487 1527 533 1576 siit
551 1534 606 1577 soro
625 1530 747 1578 collocarit
763 1532 835 1592 pedes
852 1535 936 1591 orgeto
953 1533 1031 1580 calceo·
1044 1535 1188 1597 splendentes
1196 1551 1206 1592 ,·
1236 1552 1239 1558 ·

101 1595 165 1644 sim
175 1595 233 1643 olim
242 1593 375 1643 laodamia
387 1593 473 1641 ardeas
483 1605 561 1641 amore
574 1592 654 1656 sponsi
670 1593 709 1641 sui
725 1593 786 1641 aaut
796 1594 889 1642 murs
906 1594 1074 1646 Pruuiloiirm
1082 1611 1206 1660 perperam

567 1718 749 1739 &mm

101 1811 161 1860 δα
199 1822 238 1858 ees
254 1808 372 1869 Polluces,
381 1806 436 1868 josa
448 1807 561 1857 Curtom
571 1807 713 1869 implorante
723 1805 826 1858 refinxit
834 1809 954 1869 vossium
966 1809 1086 1871 Jamsaer
1093 1809 1206 1871 Pollucis,

93 1875 149 1936 jusi
219 1871 402 1937 orisimploreio
412 1869 564 1934 Anonymns
575 1883 619 1934 ap.
630 1869 703 1919 Sunt.
729 1872 1041 1936 JomqaoopeEldiclriur:
1061 1873 1205 1937 ‘implume

102 1952 140 1987 sc.
154 1951 218 1986 aura
236 1935 361 1994 secunda,
381 1935 407 1983 in
426 1949 488 1984 casn
499 1933 600 2010 primo.
626 1933 734 2010 Turba,
752 1949 815 2000 quas
826 1935 853 1985 in
864 1936 890 1988 h.
901 1938 919 1986 l.
931 1937 1112 1988 excitaverunt
1122 1938 1207 1989 Inter·

102 2008 203 2065 ''¹⁸²⁰‘’
220 2006 288 2049 ”⁸²²²
303 1998 1206 2116 ”mli‘⁰2¹5”titudinem‘suitu‘ui‘i'ff

102 2071 182 2178 getulos
191 2064 317 2177 mg
327 2070 449 2176 ergduseurg
454 2095 524 2176 se'al.
559 2137 619 2174 uem
629 2131 733 2175 secutus
746 2132 787 2176 est
797 2141 887 2178 nemo:
905 2082 1098 2179 nostramuleet.
1110 2081 1206 2179 toesr'so·

102 2199 147 2242 tur
165 2191 270 2240 Marcii.
288 2190 377 2240 etalii
394 2189 540 2240 codd-69
569 2203 585 2237 n
600 2189 668 2239 Stat.
684 2190 761 2239 codd.
777 2207 908 2241 eommsses
919 2207 1070 2250 exeremus:
1082 2194 1132 2255 rel,
1143 2208 1205 2242 com·

98 2269 183 2307 snam
197 2269 240 2304 noe
261 2269 407 2304 exuemus:
428 2260 543 2303 nostram
566 2253 629 2302 leet.
651 2253 758 2304 exhibet
780 2253 856 2305 Maff.
879 2256 964 2305 l.—⁷2
990 2257 1022 2307 ln
1050 2257 1120 2321 lips,
1144 2255 1204 2306 eod.

99 2323 204 2382 meta
225 2331 273 2382 pro
293 2322 397 2380 arguta:
424 2317 451 2366 in
479 2317 597 2366 omuibus
624 2315 682 2366 fere
711 2318 786 2367 codd.
806 2333 865 2368 cum
882 2319 990 2369 Veneti.
1007 2320 1082 2369 Brix.
1099 2320 1204 2370 Vicerat.

100 2389 132 2432 et
148 2382 232 2446 Rheg.
250 2382 373 2431 eonstiterit
392 2383 461 2442 alea,
482 2379 551 2445 qaod
575 2386 732 2430 revocarunt
754 2382 823 2431 Stat.
850 2381 921 2431 Scal.
945 2383 1043 2446 Delph.
1065 2383 1127 2446 Bip.
1151 2383 1205 2442 alii.
1280 2376 1287 2396 ¹

120 2445 231 2496 robaute
252 2445 358 2495 Marcii.
378 2444 503 2495 coustituit
529 2444 557 2494 is
585 2445 649 2493 soler
673 2443 699 2493 in
721 2443 782 2493 Ald.
805 2445 881 2496 Junt.
900 2446 983 2497 Golia.
1005 2446 1108 2557 Gryfh.
1134 2447 1204 2497 Mur.

129 2524 191 2561 rma.
209 2508 283 2559 Voss.
305 2510 384 2572 vulp.
404 2508 448 2558 ed.
471 2512 593 2558 suomet
613 2507 712 2571 aliquot
734 2507 811 2557 codd.
834 2521 880 2621 {pu
896 2509 1034 2559 Sunt-7³
1077 2523 1095 2558 n
1114 2509 1204 2561 decem

98 2573 177 2624 codd.
196 2584 240 2638 ap.
260 2574 335 2624 sant.
350 2586 460 2634 meos,
479 2571 643 2635 improbante
664 2571 811 2620 Boea-⁷6
880 2577 935 2634 epto
954 2572 982 2621 in
1003 2572 1071 2623 Stat.
1090 2580 1118 2622 et
1132 2572 1203 2622 Seni.

600 2736 709 2788 NOTAE

97 2875 433 2940 tis,adrotaeont'rgiarrt.
475 2875 570 2925 Castor
587 2889 632 2924 aa·
705 2878 737 2925 74
764 2875 935 2926 Protesilaeam
954 2877 1083 2930 Laudem
1101 2878 1206 2945 domssr]

96 2960 152 3002 tem
170 2958 198 3002 et
216 2951 311 3001 Pollux
331 2951 415 3000 nantis
431 2950 457 2999 iu
475 2955 633 3014 tempestate
672 2950 733 3001 Hae
750 2953 944 3016 comparatione
965 2954 1020 3004 vult
1039 2955 1130 3005 amlcae
1152 2970 1206 3007 suae

95 3033 256 3092 apparentes
265 3027 453 3076 dicuntureaae
462 3025 535 3089 sigua
544 3024 633 3076 felicia
671 3025 815 3090 siguificare
827 3029 1030 3091 magnitudinem
1050 3031 1153 3092 amoris,
1162 3033 1206 3097 qui

97 3110 128 3155 et
143 3102 246 3164 senatu
270 3103 339 3153 sieut
346 3102 452 3152 Helena
461 3101 558 3153 dieitur
574 3117 632 3152 esse
672 3108 761 3152 taulus
778 3102 805 3151 in
825 3104 883 3165 ipsa
899 3101 959 3167 fuit,
975 3113 1087 3168 quantus
1100 3106 1126 3154 in
1139 3107 1206 3156 Lao·

95 3178 281 3244 navigantibus
293 3177 432 3242 pessimum
444 3178 555 3241 signum.
577 3178 631 3227 cur
671 3175 766 3239 damis,
777 3190 835 3240 qnae
846 3191 904 3225 cum
918 3177 1066 3227 Protesilao
1077 3180 1207 3243 desponsa

96 3263 187 3308 autem
198 3253 296 3320 gemini
307 3254 401 3303 Castor
419 3258 448 3303 et
466 3253 560 3302 Pollux
576 3252 632 3301 feli·
671 3257 750 3314 esset,
759 3250 853 3300 amoris
865 3252 1002 3315 impatiens
1012 3252 1045 3301 ad
1061 3254 1146 3315 ipsam
1158 3255 1207 3304 ivit

97 3346 157 3383 cera
168 3330 291 3379 dieantur
308 3327 427 3392 prebere
437 3326 631 3391 navigationem
671 3332 808 3390 antequam
821 3340 895 3374 sacra
906 3335 993 3375 essent
1003 3327 1051 3374 Dis
1063 3327 1146 3389 facta,
1159 3344 1205 3378 un·

97 3407 179 3458 docet
197 3404 307 3458 Diodor.
325 3403 406 3452 Sicul.
428 3402 475 3454 lib.
492 3415 518 3453 v.
536 3416 595 3465 cap.
606 3404 631 3450 2.
671 3398 705 3448 de
723 3399 849 3448 mulctata
871 3405 921 3461 est,
939 3400 1001 3463 quia
1024 3401 1096 3450 brevi
1116 3409 1208 3466 postea

93 3480 177 3545 atqua!
187 3477 268 3529 etiam
278 3477 349 3527 Plln.
359 3476 405 3528 lib.
414 3490 442 3526 v.
454 3491 513 3540 cap.
524 3480 566 3526 37.
671 3476 835 3527 Protesilaus
853 3491 911 3526 cum
926 3477 1029 3542 Trojam
1049 3478 1144 3543 adiret,
1160 3495 1206 3545 po·

130 3558 164 3605 de
187 3554 259 3617 Inoo
282 3557 376 3604 dom
401 3551 479 3614 noia]
512 3552 631 3602 Puellam
672 3553 726 3603 riit.
752 3553 914 3602 Cumautem
927 3553 1207 3622 Laodamiauxorejus

96 3627 227 3696 quandam
242 3628 365 3691 Manlius,
383 3641 442 3692 qua
459 3627 510 3692 ipsi
531 3628 633 3678 eratin
673 3636 781 3691 mprtem
801 3629 958 3694 accepisset,
977 3629 1094 3681 umbram
1114 3633 1205 3683 salte·

96 3703 208 3769 deliciis,
231 3702 343 3755 tradidit
368 3704 482 3766 catullo,
505 3704 632 3769 simulque
672 3704 768 3757 mortui
790 3704 880 3755 ridere
904 3705 1015 3769 optarit,
1039 3721 1115 3771 quam
1136 3720 1205 3757 eom·

97 3778 174 3830 dedit
183 3779 232 3844 lpri
244 3777 597 3843 damuminqualrabitaret‚
605 3785 634 3830 et
670 3781 748 3846 plexa
757 3779 847 3830 atatim
859 3781 997 3844 expiravit.
1038 3782 1099 3832 Fuit
1116 3789 1204 3833 auten

97 3854 155 3919 apri
173 3861 284 3919 partem,
306 3867 365 3919 quas
383 3854 469 3904 vicina
490 3860 548 3903 erat
568 3867 631 3918 agro
671 3857 831 3909 Protesilaus
839 3855 934 3920 Iphicli
944 3855 1015 3906 filius
1024 3856 1068 3920 qui
1079 3856 1205 3905 interdu·

96 3928 207 3990 Catulli,
217 3942 250 3977 ea
261 3934 348 3996 tamen
359 3928 428 3992 lege,
439 3934 470 3979 ut
481 3934 509 3979 et
516 3929 629 3979 Manlius
671 3946 715 3980 cer
728 3931 835 3982 Graecos
846 3931 880 3981 ad
890 3931 986 3981 bellum
995 3930 1134 3993 Troianam
1144 3945 1203 3994 pro·

96 4005 178 4054 etism
190 4005 325 4069 praelianti
337 4011 436 4068 posset.
486 4048 490 4057 .
670 4006 766 4070 fectus,
784 4007 897 4057 omnium
917 4005 1014 4070 primns
1033 4006 1066 4056 ab
1084 4006 1202 4058 Hectore

114 4123 120 4145 ,⁸
130 4084 163 4131 id
178 4081 361 4143 arguamur]
385 4082 527 4133 Resonanti
539 4088 566 4132 et
575 4095 630 4133 cre·
671 4083 823 4136 interfectus
835 4090 884 4132 est.

97 4148 205 4219 pitautl,'
215 4154 256 4204 rel
269 4162 342 4236 arcta
351 4161 378 4205 et
388 4140 470 4206 brevi.
