2774 4702
121 294 201 372 '416
487 322 596 371 noun
620 322 819 371 vsurouuu
845 320 884 370 ru

62 503 66 509 .
137 461 188 515 Qui
199 461 338 525 Erigonem
354 469 382 512 et
393 461 531 513 Arcturum
543 463 586 514 bie
597 478 663 527 sup·
702 461 813 512 inbonis
830 461 990 526 unctoribus,
999 463 1067 528 quod
1078 460 1133 527 lpse
1144 463 1194 514 eibi
1205 464 1232 515 io

136 544 286 602 posueruut,
303 537 364 587 dum
380 538 663 603 bonusAstrologosse
701 539 755 588 suis
774 539 891 587 versibus
914 539 996 588 'voluit
1014 539 1116 599 licere„
1146 540 1233 591 Ausus

137 613 302 677 profitentur,
320 615 439 679 proiecto
455 612 536 667 melos
552 617 664 666 criticos
700 621 743 663 est
751 615 1078 677 pratereaauuotntiouem
1087 616 1234 667 doctissimi

136 702 165 736 ae
185 688 362 752 prodiderunt.
406 694 467 743 Non
486 694 553 743 euin
570 692 664 743 binde
701 689 825 739 Politianl
853 689 1011 758 ineptissimo
1046 691 1235 754 epigrammate
1263 701 1266 710 '

136 764 205 815 thesi
211 764 279 814 illius
288 767 352 816 astri
362 782 446 818 sermo
462 776 519 830 est,
537 768 583 818 aed
595 768 664 817 eliud
701 765 843 828 exagitare
874 766 942 814 Saue
954 765 1048 830 quibus
1062 766 1107 815 ille
1118 768 1160 816 vir
1177 774 1235 817 tau·

137 839 196 889 vult
211 840 304 902 poe'ta:
322 856 425 906 nempe,
442 857 520 907 quum
538 842 665 906 fulgidum
701 848 744 890 tus
766 840 877 902 videtur,
895 841 1016 905 tantique
1039 839 1080 903 ut,
1103 841 1236 892 debebant

136 921 233 964 sstmm
252 916 287 965 ait
307 917 459 980 ipraeoma,
476 917 547 981 quod
563 916 666 980 podtiea
702 915 797 980 uliquid
819 915 853 964 de
877 916 1022 978 pertinacia
1042 915 1189 978 remittere,
1213 916 1236 965 si

90 1020 92 1025 -
137 989 230 1053 αὐξήσει
246 992 400 1055 intelligitur
411 993 517 1055 dictum,
532 1009 609 1059 quum
626 1008 666 1042 re·
701 990 758 1054 ejus
769 989 912 1040 editionem
928 990 1112 1040 Lucretianam
1128 985 1235 1054 diligen-

138 1067 667 1134 reruaiutlpuipaiioripes,etrellerepe·
703 1073 744 1116 ter
760 1065 964 1130 perpenderent.
997 1068 1092 1117 Nullus
1108 1068 1234 1118 enimve-

138 1148 195 1192 tere
212 1149 292 1206 eaput
303 1145 408 1206 Regium
424 1150 545 1208 testetur,
560 1145 666 1195 mandat
702 1149 787 1192 terum
809 1149 943 1191 anctorum
964 1141 1002 1191 ita
1027 1142 1095 1192 male
1122 1142 1156 1192 nb
1180 1144 1234 1194 ullo

138 1217 231 1267 Orioni
243 1225 312 1268 ostro
323 1217 521 1282 fulgentissimo,
531 1228 562 1271 ut
578 1235 627 1283 pro
637 1235 665 1271 se
702 1223 879 1267 oorrectorum
895 1225 1020 1280 aceeptus
1031 1225 1083 1280 eat,
1094 1225 1126 1268 ut
1140 1218 1238 1270 Lucro·

137 1291 225 1342 locere
238 1293 308 1343 velit.
341 1294 453 1346 Quodsi
472 1296 529 1360 quir
547 1296 666 1360 objiciat,
703 1291 755 1342 tius
766 1291 799 1341 ab
810 1293 855 1342 illo
866 1292 965 1342 audace
976 1292 1108 1342 Graeculo.
1140 1292 1236 1344 Atnos

139 1366 264 1417 Orionem
284 1383 336 1418 uon
355 1384 432 1432 posse
451 1369 503 1420 diei
521 1371 666 1435 proximum
702 1369 773 1418 illum
785 1383 836 1418 uon
851 1369 1017 1432 imitabimur,
1030 1376 1059 1419 et
1078 1369 1172 1432 siquae
1190 1383 1235 1420 ex·

140 1441 307 1507 ilydmeboo,
316 1459 393 1509 quum
405 1444 438 1495 ab
453 1460 486 1496 eo
500 1447 536 1497 sit
550 1447 666 1496 remotis·
703 1451 760 1494 taut
772 1445 828 1507 ejus
838 1458 869 1494 ac
880 1443 1000 1493 similium
1011 1449 1192 1495 correctorum
1208 1445 1236 1494 iu

138 1516 668 1585 simusregorespoudeotantamdrpliluoo
703 1517 856 1568 bouislibris
864 1517 1018 1568 temeritatis
1028 1524 1108 1582 atque
1117 1517 1237 1568 audaciai

139 1606 156 1663 a
167 1591 252 1654 poiitis
263 1609 314 1643 non
325 1609 382 1644 esse
392 1596 554 1658 exigendam.
578 1597 667 1648 Quid?
703 1593 824 1657 vestigio,
835 1607 868 1642 ea
877 1606 981 1656 prorsus
989 1591 1105 1654 abolere,
1114 1598 1194 1656 atque
1203 1593 1237 1642 de

140 1680 224 1716 noune
240 1669 377 1733 Euripides
395 1672 475 1721 dixit:
492 1671 576 1736 eripior
595 1671 668 1734 ἔγγὺς
703 1668 790 1719 medio
808 1667 933 1718 bonorum
953 1667 1108 1731 scriptorum
1130 1668 1238 1731 penitus

140 1741 495 1807 lrmlpwaeuonustrrw.
521 1749 667 1798 Sanebaud
696 1744 824 1793 obterere
842 1741 915 1791 nobis
934 1741 1069 1791 eonsilium
1087 1749 1138 1792 est.
1171 1743 1237 1794 Quis

139 1820 220 1869 multo
230 1821 353 1871 remotior
363 1830 404 1872 est
413 1824 495 1874 Sirius
508 1839 525 1874 a
533 1823 667 1887 Vergiliis,
705 1818 876 1881 autembuJua
883 1817 980 1880 ineptae
987 1817 1141 1866 mutationis
1148 1824 1239 1867 auctor

88 1914 94 1923 ‘
138 1909 215 1958 qoam
224 1896 307 1945 Orion
315 1897 347 1947 ab
356 1897 481 1962 Aquario.
514 1900 668 1964 ltaquenn.
704 1893 792 1955 inerit,
800 1892 913 1942 nondum
925 1892 1069 1954 comperire
1077 1893 1169 1956 potui:
1187 1893 1237 1943 uisi

138 1969 299 2019 uiuaridenr
311 1971 509 2034 absurditatem,
521 1988 598 2037 quum
609 1987 667 2022 eam
704 1967 786 2017 fuerit
797 1966 921 2017 Marullus
938 1966 1003 2029 ipse.
1036 1968 1104 2016 Nam
1124 1975 1179 2018 tum
1199 1984 1239 2018 re-

138 2041 261 2111 iabulam‚
270 2043 297 2092 id
311 2054 354 2094 est
364 2046 534 2108 Iphigeniam,
544 2053 669 2107 verteret,
705 2049 806 2105 center,
823 2057 901 2107 quum
918 2042 963 2090 illo
980 2042 1113 2092 scribebat
1126 2044 1238 2093 Politia-

139 2118 595 2181 nonVergilias,aedUrsamrartit:
607 2120 669 2182 qnia
705 2132 762 2179 uus,
782 2119 854 2167 locus
870 2118 915 2166 ille
935 2123 1050 2166 mutatus
1072 2116 1143 2166 fuit:
1168 2117 1238 2180 quod

139 2199 195 2255 tam
209 2192 286 2256 Ursa,
306 2208 381 2257 quam
391 2194 524 2255 Vergilia,
542 2200 582 2244 est
597 2193 668 2242 sidua
706 2205 794 2240 ansam
814 2189 927 2255 prebuit
945 2190 1041 2240 bomini
1058 2191 1237 2242 eruditissimo

140 2265 278 2332 turdum.
322 2268 383 2318 Nou
401 2273 488 2319 tamen
508 2268 668 2318 dissimulare
707 2273 822 2316 veterem
839 2265 980 2315 lectionem
998 2266 1141 2330 asserendi,
1160 2282 1238 2332 quam

140 2359 272 2409 pomumns
296 2345 369 2395 uobis
395 2347 487 2395 mirum
508 2345 592 2395 rideri
616 2359 668 2393 nou
707 2338 1239 2393 videbatoboeuloasuositaabaudaeu·

141 2421 222 2470 solum
242 2420 398 2470 Callimacho
415 2420 537 2471 Orionem
555 2418 668 2483 Aquario
705 2415 737 2464 liu
764 2412 927 2464 labefactari.
975 2415 1106 2479 Rapidum
1133 2419 1238 2482 quidem

140 2484 193 2543 t'am
202 2493 314 2554 ricinum
325 2494 415 2558 videri,
426 2495 471 2544 sed
483 2495 561 2545 etiam
572 2495 668 2544 Sirium
707 2489 837 2553 ingenium
847 2490 954 2540 Marulli
961 2490 1021 2552 fuit,
1030 2499 1059 2541 et
1068 2499 1181 2557 torrens,
1189 2495 1237 2545 red

141 2568 250 2619 Pleindi.
284 2571 342 2620 Nou
360 2578 445 2620 tumen
463 2577 603 2635 propterea
613 2585 668 2620 mu·
706 2566 776 2630 quod
789 2566 904 2616 versibus
915 2581 983 2617 nnnc
996 2566 1071 2617 bonis
1081 2583 1152 2619 nune
1164 2572 1238 2621 malis

141 2643 248 2702 tandum
260 2659 316 2694 esse
326 2644 451 2707 dieamus,
462 2645 547 2709 siquid
558 2644 669 2694 absurde
707 2655 740 2691 ex
757 2647 875 2704 tempore
891 2638 1041 2691 effutiendis
1051 2643 1148 2706 potius,
1160 2659 1238 2707 quam

141 2719 234 2770 abillis
245 2719 353 2771 dietum.
385 2721 595 2785 simplicissimus
606 2735 668 2785 ergo
706 2717 780 2767 bouis
796 2717 946 2766 auctoribus
961 2718 1129 2768 emendandis
1146 2729 1237 2772 uatum

139 2809 228 2844 sensus
247 2796 324 2858 bujns
350 2797 410 2859 loci,
433 2812 512 2861 quem
536 2811 589 2846 nou
613 2797 669 2846 sine
706 2791 913 2843 videtur.1dem,

140 2882 241 2930 magum
259 2869 415 2931 temeritatis
436 2871 595 2921 conscientia
612 2886 668 2921 eor·
740 2868 843 2930 fulgeo
854 2866 957 2930 Ourios]
979 2869 1199 2935 Ejusdem,eujus
1211 2880 1240 2924 et

140 2949 257 2993 rectores
268 2944 487 2995 contaminarunt.
518 2946 570 2994 Sed
590 2947 669 2995 omni·
705 2944 751 2994 illa
769 2944 910 3009 superiora,
931 2943 1041 2995 officinm
1065 2954 1106 2996 ert
1128 2948 1238 2999 verbum

140 3033 184 3067 uru
203 3018 311 3067 maxime
331 3019 455 3076 ridiculus
469 3021 608 3082 Marullus,
624 3021 668 3084 qni
700 3018 805 3080 fulgeat.
828 3020 929 3068 Bonum
948 3020 1051 3083 quidem
1073 3022 1171 3086 ipsum,
1191 3025 1238 3074 sed

135 3106 218 3158 ¹‹puuur
230 3093 326 3142 nullum
339 3102 384 3143 aut
399 3094 536 3145 admodum
547 3096 668 3159 exiguum
706 3092 777 3157 quod
792 3094 910 3143 Catullus
922 3099 1009 3144 umen
1021 3110 1089 3147 nuno
1099 3111 1152 3147 uon
1163 3113 1239 3148 usur·

140 3182 243 3217 sensum
269 3168 358 3218 harum
385 3170 518 3221 literarum
550 3171 668 3233 baberet,
706 3175 762 3230 pat.
784 3168 900 3228 Fulgerel
922 3168 989 3219 euim
1010 3172 1107 3235 posuit,
1127 3180 1158 3223 ut
1174 3190 1240 3238 prm·

141 3241 210 3292 ridet
221 3243 378 3294 Politinuum
388 3245 471 3294 virum
484 3261 534 3296 uou
547 3247 628 3296 solum
640 3260 668 3294 ae
705 3241 794 3292 feruor
809 3243 900 3307 scripti
916 3244 985 3305 libri,
996 3251 1023 3294 et
1034 3247 1149 3311 antiquae
1160 3249 1238 3299 editi·

140 3318 274 3382 maiorem,
285 3320 331 3369 sed
342 3327 371 3370 et
381 3321 452 3370 nullo
469 3329 565 3372 nostru
581 3321 668 3372 arturis
706 3332 777 3367 oues.
815 3318 997 3382 iliulperare'
1022 3322 1182 3387 archaicum,
1208 3330 1239 3374 ut

139 3392 300 3461 inferiorem,
314 3395 358 3459 qui
368 3410 420 3445 nou
436 3396 493 3462 baec
507 3402 668 3446 commentus
706 3391 883 3457 ‘pignerandi
904 3395 1089 3458 ‘temperare’
1114 3398 1236 3449 Glosare:

139 3475 191 3530 est,
203 3468 249 3518 aed
267 3476 382 3519 veterem
399 3471 550 3532 lectionem,
560 3485 636 3536 quiam
653 3484 670 3519 a
707 3469 821 3531 Fulgore,
831 3467 964 3533 nepum
987 3470 1063 3522 Idem.

139 3543 291 3606 magistellis
308 3543 444 3607 depravari
456 3545 570 3609 ridebat,
586 3546 618 3595 ab
638 3545 668 3593 il·
740 3545 870 3594 Proniuisa
895 3546 1047 3610 Hydrochoi]
1084 3546 1239 3611 Coujungit,

139 3618 223 3668 lorum
239 3618 348 3667 nudaein
358 3618 489 3668 vindicare
509 3620 665 3670 conabatur:
684 3684 687 3688 Δ
706 3620 809 3671 etiamsi
824 3620 909 3670 sidera
919 3622 975 3671 noe
985 3622 1069 3670 miuus
1085 3621 1237 3673 sibi.ricina

140 3695 520 3744 erraueomnervematiasimoe
529 3696 668 3759 editiones,
707 3698 774 3759 siut;
791 3697 840 3746 uiui
856 3711 904 3761 pro
918 3696 1060 3760 Hydrooho
1070 3697 1251 3748 mribeudnm'

139 3776 170 3820 ut
184 3768 249 3830 dixi,
266 3775 294 3820 et
311 3775 434 3833 quantum
452 3771 607 3834 eoriptornm
625 3787 669 3821 ex·
707 3773 840 3824 Heuiocio.
877 3772 1001 3822 Heinsius
1019 3771 1052 3823 ed
1075 3771 1158 3824 oud.
1174 3773 1236 3826 Art.

140 3845 292 3908 emplnrium
304 3851 388 3908 extat,
405 3860 456 3895 nou
471 3846 546 3894 aliter
560 3845 667 3898 liabent.
706 3850 751 3907 lib.
763 3863 794 3901 ιι.
810 3863 845 3899 vs.
855 3853 897 3898 55.

140 3921 177 3972 At
188 3921 325 3974 Graeculus
342 3923 386 3973 ille
404 3923 506 3988 putarit
521 3923 570 3972 sibi
586 3924 665 3974 licere
