2774 4702
321 307 353 354 e.
377 304 535 355 vuuuurr
559 304 723 356 curuum
748 304 903 356 osunen
929 305 1053 357 uxvrr.
1166 234 1232 357 ΞΠ

499 640 706 732 οιιιιιιιιιῖ
724 665 880 735 uxvn.

132 957 135 963 .
172 917 671 981 oPnrpaner-projecr01vtstnteotto
709 918 787 970 torn!
806 918 933 970 Asconius
942 919 1166 985 quoqueejurderu
1174 921 1238 970 lecti

135 998 257 1058 porrecto,
271 1002 298 1042 et
316 999 407 1055 reete;
422 995 472 1044 hoc
489 1001 539 1056 est,
558 1002 671 1044 mortuo.
711 997 846 1047 meminit..
869 997 936 1046 Vide
952 1011 1010 1061 quoe
1026 997 1058 1046 ed
1076 997 1181 1046 Festum
1198 1010 1239 1045 sn·

140 1069 415 1132 Allnsumedgestnm
424 1078 592 1120 mortuorum.
617 1071 672 1120 Ho-
711 1072 857 1135 perioribus
874 1072 947 1121 annis
966 1073 1120 1122 notavimus.
1161 1072 1238 1122 Unde

136 1152 243 1194 metus:
260 1144 290 1193 ‘0
310 1145 330 1192 δ’
349 1145 375 1193 ἐν
391 1146 479 1210 κονίῃσι
492 1143 605 1204 sverm.
626 1146 673 1195 So·
710 1147 843 1197 Metione
854 1146 1240 1211 dicebantnrJanitrices,prae·

138 1219 573 1285 ·plrocles:7lpnmnlppbererdrer.
582 1221 673 1285 Eurip.
707 1221 801 1271 sertim
811 1220 879 1283 duee,
894 1237 952 1285 quae
969 1221 1069 1272 duobus
1080 1222 1204 1273 fratribus
1214 1223 1241 1272 in

143 1297 300 1348 Phoenissis:
311 1297 365 1346 τόδ·
376 1296 474 1356 ἐκτάδην
485 1315 522 1347 σοι
530 1299 623 1347 κεῖσθον
632 1299 675 1347 dn·
712 1297 820 1345 eandem
832 1298 934 1346 domum
945 1298 1124 1363 iunupsernut.
1143 1297 1241 1362 Lepide

143 1373 229 1432 λήλοιν
238 1372 320 1423 πέλας.
351 1374 468 1423 Martisl.
486 1375 540 1423 ‘'l'n
551 1375 676 1438 languore
711 1372 792 1436 igitur
810 1373 878 1423 dixit
895 1374 928 1422 ed
947 1375 1067 1437 danuam,
1083 1376 1240 1438 ‘postquem

142 1449 249 1512 quidem
260 1450 347 1499 subito
357 1448 472 1513 fictoque
483 1449 593 1500 labores.
622 1449 676 1498 Sed
712 1445 824 1505 eancte
841 1448 961 1499 mnrituz'
979 1450 1047 1514 quod
1064 1461 1115 1498 uon
1131 1450 1242 1499 obscure

140 1538 203 1573 rnen
214 1524 331 1587 porrexit
340 1525 464 1588 sportula,
473 1526 566 1587 Paule,
578 1522 676 1588 pedes!
712 1522 825 1585 intelligi
836 1529 923 1587 potest
934 1538 967 1573 ex
979 1525 1111 1588 Propertii
1121 1526 1178 1575 looo
1186 1525 1242 1588 jem

144 1599 206 1648 Hoc
217 1606 266 1662 est,
274 1606 376 1649 mortun
384 1605 433 1649 est.
450 1591 543 1649 floret.
561 1598 678 1662 ‘Opima
713 1613 729 1646 ι
750 1598 824 1647 uobis
842 1599 980 1662 producto.
1022 1600 1145 1650 Videmus
1162 1601 1243 1662 igitur

142 1675 217 1738 qnod
239 1674 260 1723 si
278 1674 366 1738 praede
382 1689 484 1738 mergor
496 1675 595 1738 juverit
612 1674 676 1723 Por·
713 1673 818 1737 vulgare
839 1689 907 1737 pene
926 1674 952 1723 id
968 1674 1057 1739 fuisse,
1075 1682 1104 1725 ut
1123 1677 1243 1726 meritum

146 1755 222 1799 reeta
233 1764 313 1799 curro
324 1750 418 1801 litore!
444 1752 539 1800 Utrum
547 1756 634 1799 autem
645 1765 678 1813 ee,
708 1748 817 1812 januam
829 1757 964 1812 vocarent,
974 1765 1053 1815 quum
1069 1751 1187 1800 dominns
1198 1766 1243 1799 ux·

146 1839 180 1874 eu
193 1831 238 1888 eet,
248 1827 358 1889 legetur,
369 1827 396 1876 id
408 1841 511 1890 semper
522 1826 554 1875 ed
565 1825 678 1875 Jnnunm
714 1839 783 1874 orem
792 1824 917 1876 duxisset.
935 1825 1036 1890 Aperte
1044 1840 1107 1890 ergo
1115 1827 1245 1876 sententie
1277 1825 1282 1833 ”

145 1900 271 1952 refertur.
304 1903 373 1953 Nem
393 1917 418 1951 es
437 1901 551 1951 refertur
572 1901 605 1950 sd
619 1915 677 1950 eam
713 1899 819 1949 Getulli.
835 1900 989 1963 Postquam,
999 1901 1093 1964 iuquit,
1101 1913 1162 1948 reue
1173 1900 1243 1948 eluto

147 1976 251 2041 quidem
279 1978 389 2028 vocandi
414 1993 484 2028 cern.
526 1979 574 2028 Est
598 1977 677 2027 etiem
713 1979 795 2036 nuptu
807 1972 886 2023 ducta
895 1980 938 2023 est
949 1975 1062 2025 domum.
1082 1976 1158 2024 Idem·

145 2052 230 2100 tertie
257 2067 385 2116 persone:
421 2058 450 2102 nt
482 2052 547 2101 illud
578 2051 679 2116 entiqui
747 2050 1056 2112 dindominrnnoeterem]
1074 2051 1247 2114 Libertorip-

147 2127 245 2190 podtae,
256 2130 348 2189 Donni,
356 2129 396 2190 psi
404 2133 489 2190 ponent
497 2129 679 2192 Atridie‚pm
715 2129 768 2186 tus,
785 2125 817 2172 ln
832 2125 952 2174 domium
962 2141 1078 2187 rernm,
1089 2133 1119 2174 nt
1127 2125 1246 2175 dominum

144 2203 251 2266 primum
262 2217 329 2250 ormo
339 2204 430 2250 sumite.
462 2204 535 2252 Idem
550 2203 680 2252 eosidix.
716 2201 751 2251 sit
763 2199 892 2262 genitivus
904 2201 1019 2264 pluralis.
1052 2200 1119 2249 Nam
1132 2214 1246 2250 nonuno

142 2282 225 2339 isset,
253 2277 347 2338 Danai,
374 2277 421 2340 qui·
443 2278 541 2340 paretis
568 2276 680 2328 Atridis.
716 2274 819 2323 domiuo
831 2273 999 2324 innotuerat.
1027 2276 1102 2324 Idem.

144 2351 680 2406 QuaredesinentGrsmmaticideverbo
750 2352 781 2397 lt
805 2348 892 2396 Verum
911 2349 954 2397 itti
973 2348 1069 2411 populo]
1103 2349 1163 2399 dem
1185 2350 1247 2399 sutis

147 2444 174 2477 er
183 2433 229 2477 eut
237 2432 271 2475 est
280 2425 482 2476 controversiam
492 2439 604 2475 movere.
616 2417 680 2476 Seni.
717 2429 819 2473 constet
830 2423 1035 2473 commentitium
1046 2436 1103 2473 esse
1114 2425 1181 2474 bunc
1189 2439 1248 2474 rer-

184 2503 262 2553 Foclo
289 2500 388 2563 morito]
420 2501 523 2564 Marito,
549 2507 682 2562 matrone,
717 2499 836 2555 siculum,
852 2503 880 2546 et
898 2497 1196 2562 correctorumiugeulo
1213 2498 1249 2548 ιἰ-

148 2579 204 2639 rel,
227 2579 248 2626 si
275 2577 366 2638 meris,
391 2576 524 2625 maritalis.
556 2576 681 2625 Horatius
713 2573 854 2622 brioetum.
885 2571 918 2620 In
939 2578 1028 2621 nostro
1047 2573 1115 2622 libro
1136 2575 1247 2637 legitur:

149 2653 275 2703 Carmine
301 2651 426 2710 seculari,
458 2652 543 2714 ‘lege
569 2649 681 2700 marita!
722 2647 1176 2711 Verumtrsipopsttjmupnstesnit.
1200 2651 1249 2699 Le-

155 2728 226 2777 Acro
239 2727 381 2776 Helonius:
398 2729 406 2754 ⁸
418 2726 444 2774 id
456 2728 505 2788 est,
512 2725 622 2774 maritali
632 2741 640 2786 ;
651 2732 682 2776 ut
720 2726 810 2789 gimus,
825 2724 911 2774 Verum
917 2725 1142 2790 irts'populs‘nor'nin,
1151 2729 1250 2787 Quinte,

152 2804 272 2863 Plautus,
290 2801 358 2865 opud
371 2811 445 2865 quern
458 2800 682 2864 Senex,Polebra,
712 2800 788 2858 facit.
817 2799 919 2862 Natura,
930 2801 1016 2862 senio,
1027 2808 1053 2849 et
1065 2801 1156 2850 similia
1167 2803 1192 2850 iu
1205 2803 1250 2851 illo

153 2879 249 2942 inquit,
276 2878 376 2940 aedepol
407 2877 517 2941 pecunie
546 2884 595 2927 est.
634 2879 684 2928 Cui
719 2872 865 2942 peroptimo
873 2876 1015 2940 exemplari
1023 2876 1160 2926 Gallicano
1169 2877 1251 2941 scrip·

81 3008 86 3015 ‚
151 2953 294 3017 respondet
316 2955 397 3002 elius:
426 2953 491 3004 Quse
512 2954 615 3019 quidem
631 2968 683 3003 non
721 2951 1251 3015 tsfuisuevidentur,pronoenio‘maestu.’

151 3030 248 3080 marite
263 3036 314 3091 est,
330 3044 378 3092 pro
397 3045 429 3078 eo
448 3031 516 3093 quod
535 3037 592 3081 est:
617 3031 683 3082 Quoe
720 3030 817 3080 Nsenie
834 3035 876 3079 est
893 3029 996 3093 aliquod
1015 3028 1113 3079 dictum
1133 3030 1250 3092 vulgare,

150 3104 319 3170 quidemnon
337 3111 378 3154 est
394 3104 538 3154 maritalis!
567 3104 684 3153 Censori·
721 3112 752 3154 ut
778 3105 853 3165 illud,
884 3105 962 3153 dorem
988 3104 1075 3154 indicio
1102 3121 1142 3154 stro
1168 3107 1251 3170 periit.

152 3194 214 3241 nus,
239 3179 382 3227 ‘Nonnulli
402 3179 475 3227 binos
498 3178 594 3227 Genios
611 3178 685 3226 dum·
724 3181 833 3229 Plautus
845 3184 920 3228 vocet
938 3179 1056 3228 Nsenism
1070 3181 1097 3227 lu
1116 3180 1253 3230 Bacchidi·

155 3260 232 3304 texet
252 3253 380 3316 domibus,
398 3267 455 3316 quse
472 3258 560 3302 essent
575 3251 686 3314 meritae,
722 3254 779 3316 bus,
796 3254 876 3305 ‘Qun
893 3252 997 3317 quidem
1019 3259 1045 3303 te
1063 3253 1165 3314 taciem,
1183 3257 1204 3304 si
1222 3263 1252 3307 tu

156 3327 280 3378 colendos
301 3327 448 3391 putavere?
480 3329 511 3377 Τ.
532 3327 619 3376 Livius
639 3326 685 3377 lib.
721 3329 924 3391 meirritaveris,
936 3327 1128 3380 confossiorem
1140 3331 1252 3380 soricino

156 3417 248 3453 nvn.
281 3403 449 3469 ‘Vagabatur
470 3402 537 3450 enim
553 3415 612 3451 euru
634 3416 685 3451 uno
722 3399 824 3452 uenia?
850 3403 1254 3469 noranvocatpuerorumnae·

157 3485 204 3527 eut
215 3480 298 3527 altero
309 3479 403 3527 comite
417 3493 465 3541 per
480 3476 585 3526 meritus
597 3476 685 3525 domos
722 3479 791 3528 niem
803 3479 875 3528 illum
885 3478 1056 3530 versiculum:
1073 3481 1148 3530 ‘Rex
1160 3480 1221 3542 eris,
1230 3482 1253 3531 si

155 3553 383 3617 diesnootesque!
415 3555 599 3605 Quereeutem
610 3553 687 3602 meri·
725 3561 797 3604 reete
813 3553 898 3603 faxis:
916 3555 1006 3604 sinon
1025 3554 1103 3619 texis,
1121 3556 1253 3607 noueris!

156 3635 222 3689 tntu,
241 3636 286 3677 eut
304 3629 447 3678 maritalem
464 3630 569 3692 jannem
594 3629 687 3678 voest?
724 3633 767 3682 Ite
786 3631 855 3681 euim
879 3631 926 3693 eit,
950 3631 1070 3681 ‘Roscia
1097 3630 1150 3695 die,
1170 3632 1254 3694 sodes,

157 3705 279 3754 Diximus
290 3704 359 3768 epud
372 3705 485 3766 Festum,
495 3706 625 3754 Matronoe
636 3703 687 3753 Ro·
725 3706 813 3756 melior
825 3708 916 3768 tenen
928 3718 1065 3771 puerorum
1081 3707 1183 3766 Naeuin,
1195 3700 1253 3772 quse

157 3793 251 3840 rnunae,
262 3781 368 3828 simulac
379 3779 406 3827 iu
417 3780 502 3828 meriti
514 3794 617 3829 menum
629 3782 689 3828 eou-
726 3796 834 3844 regnum
845 3781 1083 3832 rectefecientibns
1095 3782 1189 3833 offert?
1210 3785 1254 3833 Ite

159 3862 296 3916 venerunt,
306 3855 402 3903 lectum
415 3862 475 3903 ente
485 3855 591 3917 jonusm
603 3854 651 3904 sibi
661 3855 688 3903 ln
726 3873 802 3908 omne
832 3861 964 3924 vulgatum
1000 3861 1098 3908 dictum
1127 3861 1254 3910 vocabunt

158 3932 226 3981 etrlo
247 3931 409 3993 sternebant,
428 3931 472 3995 qui
491 3932 627 3981 dicebatur
640 3932 689 3980 ud·
725 3934 873 3997 ‘uenismss
892 3949 985 3998 nempe
997 3935 1064 3998 qnod
1077 3935 1164 3985 Greci
1182 3933 1253 3985 ebor.

159 4022 248 4057 versus
262 4008 354 4057 lectus.
379 4007 540 4071 Propertius,
561 4008 637 4057 ‘Seu
650 4014 689 4057 tu·
729 4010 781 4059 Hic
797 4011 878 4074 janue
899 4017 976 4059 vocat
999 4011 1146 4059 ‘naeuiem’
1166 4013 1254 4076 populi

159 4096 220 4130 rnen
233 4083 367 4132 adversum
379 4084 487 4132 mutarit
492 4084 573 4146 jenua
583 4085 689 4143 lectum,
727 4085 790 4135 illud
802 4085 900 4134 dietum
911 4085 937 4132 in
950 4085 1069 4148 se,jonno
1079 4087 1147 4149 culpo
1157 4091 1200 4135 tuo
1210 4093 1253 4138 est.

159 4157 264 4208 Sederit
292 4165 336 4207 aut
362 4166 462 4222 nostro,
476 4167 554 4210 ouuts
578 4173 690 4211 novenos
729 4161 775 4209 Isti
793 4166 832 4210 est
850 4161 965 4223 ἀρχαϊκῶς
982 4175 1029 4224 pro
1047 4160 1126 4212 letires.
1160 4162 1257 4225 Quinte,

228 4239 316 4303 Delplr.
329 4244 352 4289 et
366 4240 423 4290 Vnt.
438 4240 503 4294 Clas,
682 4241 762 4290 Caini.
989 4294 991 4298 Α
1133 4247 1148 4292 2
1165 4243 1188 4290 D
