2774 4702
529 338 658 388 vuum}
685 337 870 389 DlA'l'RlBss

341 484 450 536 Nullum
460 498 547 534 amans
554 498 624 546 vere,
634 485 681 535 sed
690 484 833 536 identidem
844 484 964 536 omnium.

341 550 394 602 Qui
406 550 473 600 illius
484 550 561 614 culpa
572 550 678 615 cecidit,
688 551 759 600 velut
770 551 849 614 prati.

143 665 181 804 ¹ln
193 684 230 724 eo
243 670 342 724 antem
357 683 415 723 nou
431 671 562 723 servatur
574 664 756 743 synaloephe,
772 663 824 723 sed
840 664 939 726 hiatus
956 662 1129 743 relinquitur
1143 672 1252 744 quarto

155 764 212 806 oco
223 765 231 806 ε

341 857 412 909 Gilll
424 855 429 923 Ι
443 860 502 907 erim
513 856 571 908 Rhe
584 855 590 923 Ι
603 871 664 907 num
675 825 791 922 horrlbll
805 857 893 922 lisque
907 855 912 923 Ι
926 857 974 907 r'rltl

144 973 212 1034 Hoc
230 991 335 1050 genere
360 990 461 1031 versus
483 971 575 1031 utitur
598 969 733 1030 Catullus
755 970 811 1042 bis,
826 970 962 1030 nimirum
983 971 1013 1030 in
1033 970 1147 1031 duabus
1160 971 1250 1042 Odis,

144 1072 268 1133 quarum
283 1061 408 1132 utraque
427 1059 474 1110 cst
493 1050 606 1110 dicolos
628 1052 860 1129 tetrastrophos;
881 1060 1020 1112 constant
1040 1051 1116 1110 eninr
1137 1072 1174 1112 ex
1194 1052 1252 1110 du·

142 1134 215 1214 plici
242 1152 345 1212 genere
370 1150 518 1202 versuum,
547 1131 698 1209 Sapphico
724 1140 756 1190 et
783 1131 911 1202 Adonio,
938 1132 1118 1212 singulaeque
1146 1151 1251 1193 earnm

144 1216 275 1294 strophae
286 1213 434 1293 quaternis
445 1211 578 1271 versibus
590 1211 828 1271 concluduntur:

299 1325 411 1374 Carmm.
423 1335 462 1372 rr.
478 1321 549 1384 Furi,
561 1329 590 1372 ct
601 1321 701 1384 Aureli,
711 1321 818 1373 comites
829 1323 936 1374 Catulli.

426 1400 464 1437 ur.
481 1386 530 1436 llle
541 1385 576 1436 ml
589 1401 637 1450 par
648 1401 706 1436 esse
717 1387 775 1436 Deo
786 1387 901 1438 videtur.

181 1505 219 1562 V.
242 1501 345 1572 Quinti
359 1501 473 1580 generis
494 1509 540 1560 est
553 1500 701 1572 Adouius,
715 1501 876 1563 versiculus
894 1501 1029 1581 exiguus,
1054 1502 1106 1581 qui
1129 1511 1251 1562 constat

141 1583 263 1662 dactylo
277 1592 306 1642 et
320 1582 473 1660 spondaeo,
491 1590 544 1641 nt:

335 1691 382 1743 llll
396 1693 401 1760 Ι
415 1698 535 1758 rumpens

140 1811 241 1870 Utitur
254 1828 290 1868 eo
304 1807 441 1869 Catullus
455 1807 510 1881 bis,
526 1817 560 1868 ut
572 1808 660 1886 paulo
674 1815 741 1869 aute
755 1807 896 1870 diximus.

181 1940 235 1997 Vl.
257 1937 304 1996 Ad
328 1944 442 1995 sextum
464 1956 556 2014 genus
577 1939 707 2015 pertinet
727 1939 911 1999 Trochaious
933 1939 1143 2011 Stesichorius,
1159 1961 1249 2019 quern

140 2015 373 2094 Autispasticum
388 2015 478 2076 etiarn
491 2027 609 2089 vocant,
629 2019 803 2098 Priapeium,
817 2028 847 2078 et
860 2020 1056 2098 Angelicum:
1079 2022 1131 2099 qui
1148 2041 1249 2081 versus

140 2107 258 2158 constat
276 2116 326 2154 sex
340 2095 488 2173 pedibus:
512 2098 622 2157 choreo
637 2100 681 2158 vel
696 2099 850 2178 spondaeo,
868 2099 1001 2179 dactylo,
1023 2102 1136 2160 cretico
1146 2135 1247 2175 -ψ,

139 2177 232 2237 rarius
246 2176 378 2255 dactylo,
394 2177 498 2235 iterum
519 2179 630 2238 choreo
655 2181 701 2239 vel
721 2179 876 2258 spondaeo,
899 2179 1005 2240 iterum
1027 2180 1161 2260 dactylo,
1178 2204 1249 2263 pos-

140 2268 267 2318 tremum
281 2256 400 2326 choreo,
415 2264 465 2314 ut:

269 2367 304 2418 Et
314 2367 362 2481 sip
376 2367 423 2415 lire
435 2368 468 2429 pa
482 2365 487 2432 Ι
501 2371 585 2417 ruitum
596 2367 676 2417 nobes
690 2366 696 2432 Ι
710 2369 755 2416 sed
767 2370 798 2417 vd
813 2369 818 2434 Ι
833 2370 897 2420 reris
908 2372 934 2419 ln
949 2370 955 2436 Ι
968 2373 1031 2435 eptd

270 2433 346 2484 Quen
365 2436 404 2480 rim
420 2431 532 2495 {manici
546 2432 550 2496 Ι
565 2435 624 2495 pem
634 2433 717 2481 mltum
732 2434 736 2496 Ι
751 2432 823 2483 delli
838 2433 942 2499 ldvdld
957 2435 961 2500 Ι
977 2438 1056 2499 ponte

269 2495 405 2561 Nr'rtrlld,
416 2496 496 2559 magle
510 2495 515 2560 Ι
529 2501 556 2545 et
566 2496 647 2558 magle
661 2495 665 2558 Ι
680 2497 752 2545 utbe
767 2496 771 2561 Ι
786 2500 829 2547 aila
839 2501 902 2563 quot
916 2498 921 2564 Ι
936 2503 1019 2550 annis.

269 2562 322 2610 Pro
334 2565 391 2626 quis
424 2561 551 2609 emulano
565 2559 570 2624 Ι
584 2561 688 2608 northus
703 2560 708 2625 Ι
722 2561 786 2610 haec
798 2563 847 2611 nde
862 2561 866 2626 Ι
880 2565 935 2612 essi}
947 2565 995 2613 Pri
1008 2565 1012 2630 Ι
1027 2566 1077 2629 aipd

268 2622 348 2674 lusos
420 2625 525 2688 singlt
619 2625 719 2688 rijdeet
794 2631 888 2691 supper
936 2629 1036 2678 natdsd
1089 2631 1145 2680 eurl

268 2692 370 2739 Tantun
421 2689 480 2737 dem
497 2688 584 2738 omnia
618 2688 732 2738 sentiens
794 2691 902 2754 quamsi
935 2694 1006 2742 nulla
1020 2695 1055 2743 sit
1088 2711 1198 2760 usquam

268 2756 387 2804 Quercus
421 2753 493 2800 arida
618 2753 715 2802 ruratica
794 2753 883 2803 consor
935 2763 1044 2807 matese
1088 2761 1143 2808 curi

253 2815 345 2866 'Alter
421 2814 536 2878 parvafe
617 2830 760 2865 reusmanu
794 2832 898 2883 semper
935 2835 1043 2871 munera
1088 2824 1161 2888 larga

139 2930 231 2989 utitur
244 2949 279 2987 co
295 2948 379 2988 versu
391 2928 525 2988 Catullus
541 2937 595 2998 ter,
610 2928 765 2988 nimirum:

112 3070 116 3077 ·
203 3041 314 3090 Carnam.
327 3053 397 3090 xvrr.
414 3040 439 3088 0
450 3040 565 3101 Colonia,
576 3055 634 3103 qrrae
647 3041 721 3103 cupis
733 3046 811 3104 ponte
823 3043 912 3092 ludere
922 3043 1008 3106 longo.

313 3119 396 3154 xvrn·
416 3105 494 3152 Hunc
506 3105 590 3153 lucum
601 3104 648 3152 tibi
660 3104 753 3154 dedico
765 3120 949 3170 consecroqne,
958 3109 1069 3170 Priape:

332 3182 392 3218 xrx.
412 3168 490 3217 Hunc
498 3169 681 3232 ego,juvenes‚
691 3170 786 3226 locum,
795 3171 962 3235 villulamque
974 3173 1125 3235 palustrem.

65 3320 68 3325 ·
177 3281 247 3341 vll.
268 3283 392 3360 Septimi
406 3281 520 3360 generis
535 3290 578 3340 est
591 3281 741 3340 lumbicus
752 3291 920 3343 tetrameter
927 3283 1094 3354 catalectus,
1110 3286 1161 3362 qui
1172 3307 1247 3346 con-

138 3370 196 3421 stat
210 3373 321 3439 septem
336 3363 474 3442 pedibus,
492 3370 522 3420 et
537 3380 650 3420 caesura
664 3362 694 3420 in
709 3361 778 3421 fine.
820 3362 950 3421 Adsum
967 3382 1056 3439 porro
1070 3363 1246 3427 faciendum

137 3447 408 3579 selplvlplnpirpromnia,
429 3462 497 3520 quar
516 3440 553 3499 ad
569 3442 732 3501 Iarnbicnm
749 3442 912 3502 trimetrum
935 3443 1092 3520 pertinent.
1136 3447 1246 3506 Exem-

138 3541 158 3599 p
285 3565 292 3579 .

240 3608 246 3617 ¹
267 3633 353 3681 Remit
368 3633 372 3696 Ι
387 3633 413 3682 te
426 3634 467 3696 pal
481 3631 486 3697 Ι
500 3632 560 3680 llum
575 3629 579 3696 Ι
594 3630 655 3679 mihi
668 3629 673 3696 Ι
687 3631 771 3680 mium
786 3629 791 3696 Ι
805 3631 874 3695 qudd
884 3637 911 3681 in
926 3631 931 3698 Ι
946 3634 1015 3683 villis
1030 3633 1035 3699 Ι
1050 3635 1071 3684 tl

136 3746 171 3804 lu
194 3743 243 3836 illo
264 3763 348 3802 versu
374 3752 420 3802 est
447 3742 797 3831 amphibrachys'v-cae
821 3746 952 3806 secundo
974 3747 1052 3819 loco,
1073 3762 1246 3830 anapaestus

137 3831 224 3883 tertro
236 3843 243 3881 :

268 3933 331 3983 Crim
343 3933 376 3983 de
390 3931 396 3999 Ι
409 3933 451 3982 uli
461 3933 504 3981 mli
518 3930 523 3997 Ι
537 3931 583 3980 lter
595 3935 611 3978 r'r
624 3930 630 3997 Ι
642 3932 700 3982 lltes
714 3931 720 3998 Ι
733 3937 805 3984 osten
819 3933 825 4000 Ι
839 3935 878 3986 dlt
889 3941 916 3986 os
930 3935 935 4002 Ι
950 3938 1020 3988 eltin
1034 3936 1040 4003 Ι
1054 3939 1093 3989 tes
1115 3952 1125 3962 ·

137 4043 168 4102 in
182 4043 231 4104 illo
245 4055 343 4106 autem
358 4046 517 4125 spondaeus
531 4045 597 4104 loco
612 4044 759 4122 septimo:

265 4156 321 4210 lusi
335 4160 340 4225 Ι
354 4161 382 4210 sll
394 4166 435 4211 tur
448 4159 453 4225 Ι
468 4160 536 4224 plter
549 4157 555 4223 Ι
569 4156 617 4208 tibi
629 4157 635 4224 Ι
648 4156 723 4223 filgel
737 4159 743 4226 Ι
756 4161 784 4211 lt
794 4165 842 4212 con
856 4161 862 4228 Ι
876 4162 963 4214 seribil
977 4162 982 4228 Ι
996 4164 1051 4215 lent
1157 4179 1161 4184 ·
