2774 4702
535 300 692 350 cssusu
718 301 824 352 κων.
1175 289 1241 356 12⁵

638 477 745 531 Nom

136 602 198 651 one,
209 595 240 638 ut
251 586 356 639 infinitis
374 588 436 639 loeis
448 589 516 654 apud
535 590 624 642 Plaut.
641 598 671 644 et
710 599 760 656 tes,
767 592 810 659 qul
817 593 867 644 boe
874 594 971 646 saenlo
979 594 1077 659 vivunt,
1086 600 1240 662 turpemque

134 665 245 716 Terent.
710 676 738 719 et
749 669 893 721 deformem
904 672 1170 725 Mamurraausioarn
1181 688 1240 725 eum

170 746 187 790 8
206 743 229 789 0
248 742 341 791 seclum
361 742 486 806 insipieus]
511 744 535 793 0
556 744 670 800 homines
710 744 823 799 formosa
833 748 929 799 Lesbia
941 751 1109 815 comparenti

135 816 299 881 insipientes,
309 825 337 867 et
348 819 453 882 penitus
467 818 568 882 jndicio
580 834 670 870 caren-

557 1041 823 1054 —-

509 1225 715 1292 GARMEN
738 1227 877 1294 XLIV.

572 1392 624 1441 AD
641 1393 812 1442 FUNDUM.

230 1524 260 1588 Ο
279 1542 406 1590 runnu
420 1532 545 1605 noster,
560 1546 619 1591 seu
634 1526 772 1605 Sabine,
788 1527 998 1625 seuoTiburs,

231 1625 266 1690 N
267 1645 321 1690 am
336 1631 367 1690 te
378 1647 452 1691 esse
466 1627 640 1691 Tiburtem
653 1633 837 1707 autumant,
852 1628 976 1712 quibus
990 1644 1058 1692 non
1072 1634 1125 1694 est
1151 1647 1154 1653 ·

230 1725 334 1793 Cordi
349 1727 519 1795 Catullum
533 1729 673 1796 laedere:
696 1731 868 1815 atquibus
883 1730 977 1795 cordi
991 1735 1052 1809 est,

229 1827 363 1906 Quouis
380 1830 541 1895 Sabinum
554 1831 695 1915 pignore
710 1850 788 1896 esse
803 1831 1017 1897 contendunt.

231 1929 299 1993 Sed
314 1949 375 1994 seu
391 1930 525 2010 Sabine,
539 1932 609 1997 sive
622 1933 734 1998 verius
745 1932 883 2011 Tiburs,

233 2029 298 2092 Fui
312 2029 455 2095 libenter
468 2033 502 2096 in
516 2037 575 2096 tua
588 2033 781 2098 suburbana

229 2130 333 2210 Villa,
347 2132 536 2217 malamque
551 2141 687 2218 pectore
700 2132 815 2218 expuli
829 2136 970 2217 tussim

178 2296 202 2344 0
211 2295 327 2358 predum
334 2310 420 2361 meum,
429 2298 479 2347 siae
489 2297 604 2350 Sabinum
614 2301 659 2362 sis,
668 2301 717 2350 sius
732 2300 899 2358 libuniuame
914 2299 932 2348 ll
942 2300 1012 2362 esim,
1019 2298 1102 2362 quibus
1111 2313 1158 2348 nos
1164 2299 1242 2362 plseet

143 2359 265 2409 Catullum
280 2359 406 2424 offendere,
425 2362 561 2413 existimant
583 2369 607 2414 te
626 2380 674 2414 esse
695 2364 858 2415 libertinum:
875 2365 894 2413 ii
912 2379 975 2427 nero,
992 2364 1075 2428 quibas
1089 2364 1165 2426 ploeet
1175 2363 1242 2412 illast

141 2423 272 2499 offendere,
282 2425 383 2487 quolibet
394 2426 474 2476 etiam
485 2427 605 2489 deposito
613 2429 714 2490 pignore
731 2436 758 2478 te
774 2443 822 2478 esse
832 2427 948 2487 Sabinum
957 2430 1107 2478 centendunt.
1138 2426 1173 2476 As
1188 2441 1242 2477 uero

141 2502 194 2536 srse
203 2488 238 2536 ss's
248 2488 372 2551 Missum,
387 2490 437 2539 siue
450 2491 529 2555 potius
540 2492 699 2556 'libat-tinum,
708 2493 807 2554 egregio
822 2492 896 2541 enimi
905 2493 1030 2542 alacritate
1040 2496 1146 2540 uermes
1154 2505 1206 2538 sum
1215 2489 1243 2538 itt

141 2565 199 2601 rure
215 2557 255 2600 tuo
265 2553 406 2616 emenso,
416 2560 440 2604 et
451 2556 570 2606 exsereuni
581 2558 700 2606 molestum
716 2559 799 2605 tussim
817 2569 831 2604 e
848 2568 906 2604 meo
922 2560 1025 2619 pectore,
1041 2569 1110 2618 psum
1127 2553 1187 2602 miti
1196 2567 1244 2602 eos

606 2663 785 2684 mmm&

176 2732 192 2777 7
210 2727 253 2779 Sic
264 2728 290 2778 b.
308 2729 326 2777 l
341 2735 509 2779 correxerunt
526 2730 584 2779 VV.
595 2730 658 2780 DD·
670 2729 696 2778 in
707 2728 768 2778 edd.
778 2733 844 2778 vett.
860 2742 893 2778 ex
902 2735 1025 2792 corrupta
1033 2728 1109 2779 codd.
1119 2729 1242 2780 lectione.

143 2791 244 2841 Omnes
257 2792 367 2841 Statiani
378 2793 545 2854 exhibebant,
556 2793 672 2856 aliumque
679 2797 774 2856 pectore
784 2793 895 2856 expulsus
904 2808 955 2842 um
961 2809 971 2852 ,·
981 2794 1048 2844 Scal.
1061 2793 1120 2843 eod.
1127 2793 1242 2857 olimque

142 2860 225 2918 petere
240 2857 352 2920 expulero
367 2871 431 2907 um:
452 2857 514 2907 bine
525 2858 593 2908 Stat.
603 2856 680 2921 fecit,
689 2857 824 2922 suumque
832 2863 925 2922 pectore
933 2858 1031 2923 expulit
1047 2859 1114 2909 Seal.
1129 2865 1157 2908 et
1170 2859 1243 2908 Voss.

640 2985 746 3036 Nom

178 3095 235 3144 10
248 3093 337 3159 sude]
356 3093 429 3160 Apro
450 3108 497 3144 sno
519 3095 674 3159 gratulatur,
713 3109 757 3144 ma
775 3091 825 3144 furit
843 3093 992 3145 amoenitas:
1009 3093 1079 3143 uude
1097 3099 1127 3144 et
1143 3093 1239 3144 Horat.
1338 3129 1342 3133 ‹

146 3165 254 3232 agitque
269 3167 374 3233 gratius,
386 3169 454 3233 quod
471 3169 498 3219 in
513 3184 544 3219 eo
565 3183 675 3220 oonmo·
714 3184 772 3219 eam
791 3169 880 3219 sedem
897 3169 1027 3219 senectuti
1045 3175 1121 3231 optat
1139 3183 1200 3218 suas.
1211 3181 1243 3220 11.

142 3241 251 3293 dissime
262 3242 298 3293 sit
308 3243 463 3307 hospitetur,
472 3246 571 3295 ettussl
581 3245 675 3295 libera·
716 3244 767 3295 Oi.
776 3249 801 3295 6.
818 3243 1142 3308 ‘'l'ibnrArgaopositum
1153 3245 1243 3294 colono

147 3322 200 3380 tus,
217 3331 295 3382 quarn
313 3318 383 3382 apud
394 3333 468 3369 suurn
480 3320 597 3370 Sextium
614 3334 676 3370 eon·
714 3320 756 3369 sit
766 3333 831 3368 mere
843 3317 918 3368 sedes
933 3319 1031 3368 utinam
1043 3318 1175 3368 senecta!
1207 3319 1245 3370 Et

143 3396 275 3457 traxerat,
283 3406 342 3442 cum
352 3393 493 3444 orationem
501 3395 628 3460 quandam
638 3395 676 3445 iu·
716 3400 776 3457 post
787 3408 884 3457 pauca:
900 3393 967 3444 ‘Ille
975 3401 1101 3444 terrarum
1109 3394 1170 3444 milri
1179 3407 1245 3459 prat·

144 3473 185 3517 tar
197 3467 350 3517 eoeuaudum
358 3469 508 3519 audivisset.
717 3473 758 3517 ter
769 3481 857 3516 omues
866 3466 984 3531 Angelus
995 3468 1083 3519 ridet.'

145 3593 150 3599 ,
178 3542 453 3608 aremarensem]
471 3545 574 3596 Mavult
591 3544 677 3596 Poeta
748 3542 907 3607 tSobiuum]
923 3544 1048 3608 Ejusdem
1066 3547 1134 3597 Latii
1155 3546 1244 3613 populi

143 3616 256 3668 fundum
275 3633 346 3668 suum
370 3634 426 3670 esse
446 3622 580 3672 Tiburtem
600 3638 676 3688 quam
716 3626 777 3669 sunt
794 3619 891 3682 Sabini,
906 3635 1013 3685 quorum
1028 3620 1093 3672 fines
1109 3630 1184 3673 erant
1200 3637 1244 3673 an·

144 3692 280 3757 Sabinum,
288 3695 331 3743 vel
338 3694 407 3758 quod
414 3697 471 3759 agri
477 3694 592 3747 Tiburtis
599 3711 676 3746 amre·
716 3695 794 3760 gusti,
805 3710 853 3745 neo
870 3697 959 3759 procul
973 3699 1092 3749 extensi:
1109 3697 1178 3748 untle
1193 3711 1244 3747 non

144 3769 214 3818 nitas
233 3769 361 3819 celebrior
379 3777 458 3833 esset,
477 3786 553 3837 quarn
571 3771 676 3834 Sabini3
716 3772 772 3821 vult
784 3771 902 3821 Catullus
912 3786 985 3822 sunm
997 3787 1085 3836 egum
1097 3786 1155 3821 esse
1171 3770 1244 3820 Sabl-

145 3844 189 3894 rel
200 3841 349 3910 fortequod
367 3846 477 3897 Sabinus
489 3861 552 3911 ager
561 3847 677 3910 vestiga·
716 3859 787 3910 num,
805 3846 850 3896 sed
878 3847 963 3911 potius
979 3846 1150 3906 Tiburtinum,
1170 3843 1244 3906 epJus

143 3919 177 3968 lis
190 3925 270 3982 esset,
280 3921 321 3968 vel
332 3920 456 3971 militibus
469 3922 620 3972 attributus.
635 3921 678 3971 'l'i-
716 3935 810 3986 nempe
820 3919 885 3971 fines
898 3923 976 3972 vellet
987 3921 1063 3970 latius
1074 3927 1215 3982 protensos.

150 3993 249 4045 burtini
260 4009 337 4058 porro
348 3997 438 4061 populi
450 4003 511 4047 snnt
524 3997 594 4046 Latii
605 3995 678 4047 Sabi·
749 4000 765 4046 'l
786 3996 860 4060 l'tlta]
876 3997 955 4046 Dicta
964 4000 1005 4044 ast
1013 3994 1103 4043 domus
1112 3992 1244 4045 rusticans

147 4069 188 4118 nis
207 4068 333 4133 confines,
349 4085 365 4120 s
381 4071 481 4121 Tibure
502 4086 549 4122 sen
568 4072 677 4122 Tiburte
718 4072 791 4137 quasi
808 4069 934 4132 ‘vehilln,’
945 4068 1005 4133 quia
1022 4068 1084 4118 illuc
1100 4067 1197 4132 fruges,
1215 4076 1244 4121 et

144 4144 255 4196 eiutste
265 4146 302 4196 sie
312 4146 392 4209 dietis
409 4140 482 4212 enjus
490 4147 601 4212 regionis
610 4161 678 4198 snm·
717 4147 817 4219 inde'in
829 4146 919 4198 urbem
929 4143 1100 4195 vehebantur.
1131 4145 1244 4197 ‘Subar-
