2774 4702
575 315 732 365 GARMEN
758 274 839 365 m.

287 461 398 540 Quem
411 467 447 526 tu
463 459 595 526 scilicet
609 459 654 524 ud
668 465 760 525 tuum
775 459 940 526 Catullum

287 562 395 641 Misti,
411 562 573 628 continno
586 568 625 625 nt
639 559 694 626 die
709 562 837 645 periret,

264 690 268 694 ·
288 665 531 741 Saturnalibus,
547 664 676 747 optimo
691 663 826 729 dierum.

288 767 379 845 Non,
394 785 462 832 non
475 766 540 831 boe
555 766 627 843 tibi,
643 765 742 844 salse,
757 766 808 832 sie
824 767 940 834 abibit.

286 870 389 948 Nam,
406 869 436 934 si
450 869 582 948 luxerit,
598 867 642 932 ud
654 868 863 934 librariorum

285 969 426 1034 Curram
440 969 578 1034 scrinia:
601 965 745 1049 Gaesios,
761 967 941 1054 Aquinios‚

285 1072 471 1152 Suffenum,
486 1071 599 1136 omnia
613 1069 770 1154 colligum
783 1091 921 1150 venena,

285 1171 338 1239 Ae
353 1181 386 1241 te
399 1174 453 1238 bis
465 1173 644 1257 suppliciis
658 1174 910 1240 remunerabor.

284 1275 359 1342 Vos
373 1276 450 1341 bine
464 1277 589 1341 interea
601 1276 722 1354 valete,
739 1275 828 1339 abite

286 1377 381 1455 llluc,
397 1377 485 1442 unde
499 1375 623 1440 malum
637 1375 757 1459 pedem
771 1376 909 1453 tulistis,

285 1479 388 1544 Saecli
403 1478 628 1557 incommoda,
643 1478 784 1561 pessimi
799 1476 923 1561 po'e'tae.

413 1580 434 1623 s
608 1577 630 1621 s
803 1581 825 1622 s

282 1683 320 1747 Si
334 1682 392 1766 qui
405 1683 492 1747 forte
507 1700 655 1747 mearum
671 1681 871 1766 ineptiarum

148 1886 182 1934 sd
193 1882 315 1933 Catullum
323 1887 399 1945 tuens,
407 1887 435 1932 ut
442 1886 492 1931 toto
507 1882 546 1931 die
559 1882 698 1946 perderetur
707 1880 771 1945 ipsis
781 1879 949 1933 Saturnalibus
959 1880 1051 1930 dinen
1059 1879 1252 1943 asspissts'ssisre.

150 1949 209 1998 Non
217 1955 353 2010 certem
363 1948 406 1996 bae
422 1946 468 1996 tibi
478 1947 513 1995 sie
522 1945 570 1995 erit
586 1945 715 2010 impurae
727 1944 826 2007 saedee
848 1962 904 1997 nans
913 1946 984 1996 simet
994 1949 1064 2009 atam
1072 1945 1197 2010 dilaeoeit,
1211 1961 1254 2009 ego

145 2027 286 2078 persenam
296 2026 374 2061 omnes
384 2010 493 2061 tabernas
502 2010 688 2123 bibtffltmm,
698 2015 724 2060 et
733 2011 872 2060 emensio
885 2010 1110 2073 carosum,
1120 2009 1254 2074 Suffenum,

149 2082 174 2127 et
184 2092 264 2126 onius
270 2081 359 2140 pestes,
369 2080 437 2139 teque
447 2089 553 2138 cennens
615 2075 659 2125 bae
675 2090 753 2139 prena
786 2076 889 2126 Interim
906 2091 956 2137 ees,
975 2090 991 2124 o
1007 2079 1073 2124 vates
1088 2075 1255 2138 perditissimi,

148 2141 227 2205 bajus
237 2141 319 2190 atatis
329 2140 413 2202 emtis,
426 2140 540 2203 facessite
550 2139 614 2201 bisse,
623 2144 647 2189 et
656 2140 758 2190 recedite
768 2154 804 2203 eo,
814 2143 876 2191 assde
886 2139 1016 2199 infaustum
1032 2140 1115 2202 pedem
1133 2144 1255 2202 exportas-

148 2207 191 2255 tis.
207 2205 223 2235 ⁵
239 2204 255 2234 ⁸
271 2204 287 2234 ⁸
303 2205 333 2254 Si
350 2204 428 2266 igitur
445 2205 571 2298 siquando
589 2205 674 2266 legetis
684 2206 830 2269 lssasrneos,
840 2210 865 2255 et
875 2220 922 2254 non
932 2201 1160 2254 nretsetisadbs'bers
1171 2218 1254 2252 manes

148 2273 242 2320 vestrm
250 2269 346 2333 seriens
355 2269 413 2320 sireis
418 2285 428 2327 ,·
445 2269 461 2297 ⁴'
508 2267 524 2297 ⁸

608 2397 789 2419 mm

147 2507 234 2576 Sylla,-
244 2511 271 2560 in
283 2511 344 2561 edd.
356 2516 422 2561 vett.
433 2510 504 2574 bille,
517 2512 559 2561 vel
570 2509 700 2562 Sim-10
717 2513 775 2561 Non
792 2513 859 2562 nudo
877 2513 920 2562 boe
931 2510 976 2561 tibi
987 2510 1109 2561 tentsbst
1118 2511 1195 2560 Voss.
1207 2511 1253 2560 inr-

145 2575 278 2639 probante
296 2575 441 2626 Doer.-18
458 2576 499 2624 Ex
522 2575 593 2639 conj.
618 2577 697 2625 lum.
721 2575 855 2640 desciuisse
877 2576 904 2625 iu
926 2582 991 2625 vett.
1017 2574 1078 2624 edd.
1103 2575 1253 2636 Aquinas.-

145 2643 180 2690 22
196 2639 231 2689 lu
242 2639 302 2691 edd.
315 2647 376 2689 ente
387 2639 454 2689 Seni.
480 2640 607 2700 attulistis,
625 2639 668 2688 eui
679 2640 741 2688 lect.
760 2647 851 2688 nostra
861 2638 1048 2689 ‹lebetum—24
1064 2638 1250 2688 ‘ContrsMss.

147 2712 176 2754 et
186 2704 252 2754 libb.
269 2710 335 2753 vett.
350 2702 429 2752 fidem
448 2703 474 2752 in
491 2703 622 2753 nonnullis
633 2701 693 2753 edd.
709 2709 864 2752 attexuntur
874 2703 900 2760 bi
911 2710 1023 2767 quatuor
1034 2702 1155 2752 versiculi
1164 2702 1251 2753 Cerm.

146 2781 205 2818 xrs.
217 2768 263 2818 ubi
274 2773 403 2831 apparent
412 2767 490 2817 etiam
507 2768 533 2816 in
552 2766 613 2830 Bip.
629 2766 857 2843 venerabantur,
874 2765 1011 2828 Pedicabo,
1027 2767 1068 2829 tre.
1081 2767 1126 2832 qui
1137 2766 1213 2816 abest
1224 2767 1250 2816 in

144 2832 211 2882 libb.
222 2838 290 2882 vett.
302 2833 412 2881 debetur
422 2831 524 2882 Vossio.
541 2832 672 2880 Videntur
682 2845 786 2880 omnmo
797 2831 824 2880 bi
836 2846 924 2881 versus
933 2828 1119 2893 demersisse
1128 2832 1252 2896 longioris

145 2896 284 2960 Carminis,
295 2896 420 2960 temporis
429 2895 524 2961 injuria
534 2894 608 2944 nobis
619 2896 713 2958 erepti,
722 2909 786 2959 qnos
804 2895 903 2946 frustra
917 2897 1017 2947 cereris
1029 2897 1114 2960 puisse
1127 2897 1252 2947 Carmini-

144 2960 194 3010 bus
205 2959 485 3011 sssnesrelinfereies.
519 2959 685 3009 Incommode
696 2965 771 3010 certe
783 2961 879 3025 adjecti
889 2968 951 3011 sunt
968 2962 1054 3011 Carni.
1065 2967 1124 3012 xvi.
1158 2962 1213 3012 Nos
1224 2963 1250 3011 in

145 3024 197 3076 essi
235 3025 304 3075 endo
315 3025 353 3074 bis
371 3025 489 3075 versibus
502 3025 562 3073 loeo
579 3025 662 3074 secati
673 3039 761 3074 snmus
773 3026 957 3076 anctoritatem
973 3027 1038 3075 Μαι.
1050 3026 1083 3075 sd
1095 3041 1173 3091 qnam
1183 3028 1250 3077 Stet.

144 3096 199 3140 ete
219 3090 314 3140 ,Cem-
325 3095 477 3154 provocant.
500 3089 543 3138 vin
564 3102 642 3138 versu
662 3089 748 3152 primo
765 3092 832 3140 mels
849 3091 946 3154 legitur
960 3090 986 3138 in
1001 3091 1063 3154 Bip.
1084 3105 1147 3154 qua,-
1165 3098 1194 3142 et
1211 3093 1250 3140 ent

145 3155 242 3205 vitiose
253 3155 279 3204 in
291 3153 334 3205 ed.
347 3158 370 3205 1.
380 3152 459 3204 Mur!
474 3152 550 3202 Doer.

640 3284 748 3337 NOTAE

175 3421 207 3468 li
227 3415 326 3479 Optimo
336 3412 438 3476 dierum]
473 3413 609 3477 Optimum
621 3413 674 3463 die·
715 3412 806 3478 lediei,
832 3428 863 3463 ac
889 3414 1024 3465 mordaces
1059 3412 1246 3479 impudicorum

141 3507 201 3543 rum
212 3491 279 3542 dicit
289 3490 453 3550 Saturnalis3
464 3490 526 3555 quia
536 3489 674 3540 hisdiebus
717 3491 867 3541 carminum
877 3491 1026 3555 scriptores.

140 3581 243 3631 omnes,
262 3567 331 3618 omni
348 3582 411 3618 eure
427 3566 611 3632 laboribusque
631 3581 675 3616 va·
748 3569 781 3615 19
800 3565 903 3630 Venena]
919 3566 978 3616 Hoc
989 3571 1040 3630 est,
1048 3566 1116 3617 mala
1128 3566 1247 3631 poimsta

140 3644 195 3704 eni.
209 3643 277 3708 Joois
288 3650 316 3693 et
327 3642 427 3693 lusibus
443 3641 536 3706 dediti,
549 3641 625 3706 genio
636 3642 675 3692 in·
716 3641 885 3708 pessimorum
896 3641 1046 3692 voseium.

140 3718 295 3786 adigebant,
312 3725 341 3768 et
358 3718 434 3782 pueri
451 3718 607 3783 plaudentes
623 3720 676 3768 cle·
748 3722 781 3769 24
805 3719 953 3784 ineptiarum
969 3717 1092 3782 Manu]
1125 3718 1246 3769 Carmine

138 3796 259 3861 nsunt,
273 3797 282 3825 ⁴
294 3795 326 3848 Io
343 3795 499 3860 Selumalis,
513 3795 592 3844 bodie
609 3794 676 3844 bone
717 3809 762 3845 sue
773 3800 852 3846 vocat
870 3793 1019 3860 ‘inepties,'
1035 3800 1064 3843 ut
1082 3799 1161 3842 untes
1179 3792 1246 3842 dixit

137 3873 290 3926 Saturnalia
298 3871 316 3924 ε’
360 3871 557 3923 celebrabantur
585 3885 675 3922 mense
714 3870 830 3935 ‘nugas'
877 3869 1021 3935 ⁸Ineptie'
1049 3882 1110 3918 vero
1134 3868 1246 3918 maxime

137 3948 294 4014 Decembri,
304 3948 429 4014 quinque,
440 3949 493 4012 vel,
511 3953 541 3998 nt
552 3938 608 3998 eliis
618 3948 673 4011 pls·
714 3948 808 3998 suntin
817 3947 961 4009 obscoenis;
974 3951 1002 3994 nt
1007 3944 1065 4009 jam
1072 3957 1151 4008 supra
1159 3944 1244 3995 cnm

138 4031 195 4090 eet,
204 4030 307 4091 septem
316 4023 416 4076 diebus.
448 4023 517 4074 Vide
528 4024 647 4075 Mserob.
713 4036 751 4073 vr.
773 4025 812 4072 lt.
835 4016 894 4072 ‘Ni
910 4026 939 4071 tu
955 4018 1018 4084 quid
1035 4016 1115 4070 isciss
1132 4017 1245 4086 ineptis·

172 4105 205 4152 18
224 4098 456 4165 Casias‚dquinios]
472 4097 671 4166 cesimnqui·
711 4103 785 4150 rnm.’

92 4184 96 4190 ’
136 4178 208 4246 nius,
219 4182 249 4228 et
258 4175 379 4230 Salienus
390 4175 512 4229 ridentes
527 4175 607 4230 inisse
621 4190 672 4228 ms·
