2774 4702
136 325 204 393 854
408 336 411 341 ’
484 292 592 392 uota
616 340 819 392 vaurouou
844 341 884 391 ru

137 488 228 543 timum
247 483 346 533 dierum
364 482 510 533 Saturnalia
529 482 597 532 dixit
611 483 667 546 spbs
740 485 837 548 Canos,
858 482 975 548 Aqalsos]
1007 482 1079 536 Male
1100 480 1240 551 scripturn,

137 559 267 619 συνήθειαν,
279 560 340 624 quia
350 560 425 623 pueri
437 559 589 622 plaudentes
599 559 667 609 dice·
706 560 826 619 arbitror,
838 573 886 623 pro
899 561 995 622 vados,
1005 560 1135 623 Aquinius
1149 564 1201 613 etsi
1211 565 1240 614 ia

138 638 213 698 bant,
224 638 231 665 ‘
241 635 326 685 Hodie
335 635 403 685 bona
412 635 574 684 Saturnalia!
590 635 667 698 EpIc·
707 636 862 686 modulando
874 650 950 685 versu
961 637 1063 686 vocales
1080 638 1240 703 coujungen-

138 720 209 763 tetus
227 710 296 774 apud
314 708 468 759 Attianum:
484 711 537 759 'tols
555 708 603 772 γὰρ
615 726 668 759 rar·
707 712 749 762 da
761 710 867 775 suut'nt
878 725 966 761 aarum
978 717 1047 761 ooetu
1057 727 1109 762 una
1119 727 1239 778 compre·

138 786 193 835 abac
203 785 260 834 iiras
274 784 433 848 προσελθόντα
450 787 529 850 rposqi,
544 784 583 834 sai
597 783 667 850 λέγῃ,
707 788 853 838 bendautur
869 787 976 851 syllaba.
1010 784 1152 851 Aquinium
1170 789 1240 838 enim

139 863 239 926 σήμερον
247 861 402 926 σατονρνάλια
412 863 498 922 ἀγαθὰ,
507 861 617 925 λὲγομεν,
626 864 668 912 adr
707 864 802 912 malurn
815 863 920 927 politam
932 862 1024 923 fuisse,
1039 867 1144 912 constat
1164 876 1179 912 e
1199 865 1241 914 ct·

139 936 205 986 ἔστιν
215 936 291 997 ἀγαθὰ
300 938 389 997 ταΐηας
417 936 528 999 οὐδαμῶς,
547 936 611 985 ἀλλὰ
629 935 669 985 sol
708 952 818 988 carone:
839 939 908 989 Nam
928 937 1019 1002 quinta
1039 938 1187 988 Tusculana
1202 939 1240 990 sic

139 1012 385 1074 odroliumporodpos.
415 1010 545 1062 Martialis
564 1013 666 1063 allusit:
707 1015 808 1065 scribit.-
840 1012 1108 1078 ‘Adhncueminem
1128 1016 1241 1078 cognovi

138 1089 148 1119 ‘
159 1089 214 1138 Iste
224 1087 274 1136 tibi
284 1087 363 1137 faciet
374 1086 443 1137 bona
452 1088 599 1137 Saturnalia
610 1102 669 1151 por·
708 1090 824 1154 politam,
833 1096 862 1140 et
877 1090 939 1139 mihi
951 1103 1009 1139 cnm
1023 1087 1137 1153 Aquinio
1155 1089 1243 1138 amiei-

138 1163 203 1214 cus!
236 1162 311 1211 Idem
327 1161 459 1225 volebant,
479 1178 558 1226 quum
576 1164 670 1212 clama·
708 1164 755 1227 tia,
766 1165 809 1229 qui
823 1163 872 1213 sibi
891 1177 942 1213 nou
957 1162 1070 1227 optimus
1088 1161 1240 1214 videratur?

138 1236 450 1300 bmb‘IoSaturnalis!
476 1237 550 1287 Idem
561 1239 669 1288 Martia·
711 1238 840 1288 Pambos.
1122 1291 1124 1295 ,

136 1313 187 1362 lis:
205 1311 342 1360 ‘Clamant
357 1325 419 1371 ecce
434 1311 532 1375 mei,in
546 1311 669 1361 Saturna·
741 1316 773 1362 19
789 1311 923 1376 Suffenum,
933 1309 1131 1371 omnioroiligcm
1139 1310 1241 1375 seam]

138 1389 184 1450 lia,
193 1386 301 1437 versus?
319 1386 370 1435 Dio
381 1385 449 1436 libro
459 1387 669 1451 quiuquagesimo
708 1386 1158 1437 Huncsersumitarsconcinuesac
1167 1387 1242 1436 resti·

138 1471 250 1515 octavo:
275 1462 334 1513 Τότε
353 1463 400 1527 γὰρ
418 1467 501 1526 πολλᾷ
514 1482 560 1514 που
576 1467 669 1525 μᾶλλον
708 1469 767 1513 tuas
777 1462 880 1512 iicebit:
897 1459 1052 1511 ‘Suffenum
1065 1461 1154 1510 omnia
1170 1463 1243 1511 colli·

140 1540 177 1588 ἐπ’
186 1541 248 1601 odrqi
255 1534 408 1601 ἂχθεσθέπες
418 1540 472 1588 olirs
482 1557 506 1588 rs
513 1539 591 1602 ἐκείνῳ
598 1538 669 1589 εἰπεῖν
708 1552 766 1601 gam
777 1536 894 1587 venena!
903 1536 1021 1601 suffossus
1030 1550 1076 1599 pro
1085 1535 1241 1600 sufferam-mn,

139 1612 276 1677 ἐπέτρεψαν,
287 1613 465 1675 συμβοήσαντες
476 1615 584 1677 ἐξαίφνης
598 1614 669 1664 τοῦτο
708 1626 780 1662 more
789 1612 884 1661 Plauto
894 1611 1035 1675 priscisque
1043 1609 1163 1660 omuibus
1175 1612 1242 1662 cale·

140 1689 169 1747 db
195 1689 225 1739 rb
248 1688 426 1754 θρυλλούμενον,
452 1688 479 1740 ia
504 1688 669 1754 corospsdass,
708 1685 986 1746 brutissimo;dixerat
994 1685 1061 1734 enim
1070 1684 1190 1735 Catullus
1198 1699 1242 1736 au·

140 1783 164 1815 s.
175 1783 199 1815 τ.
209 1774 235 1816 λ.
255 1767 331 1816 Idam.
709 1767 769 1822 tea;
787 1761 885 1823 caesios,
894 1760 1001 1824 Aquinas
1008 1777 1019 1819 ,·
1035 1759 1131 1823 plurali
1144 1758 1188 1824 (ut
1203 1760 1241 1808 vi·

174 1845 206 1888 16
223 1842 288 1902 Nos,
298 1841 355 1902 aon]
380 1842 522 1907 Eleganter
540 1841 670 1905 geminata
685 1890 691 1903 ,
709 1835 767 1897 des)
778 1850 894 1898 numero,
905 1836 999 1900 quiita
1009 1835 1178 1898 temere-ipsi
1194 1837 1241 1887 mi·

140 1917 253 1978 negatio.
270 1916 314 1964 Sic
325 1917 447 1979 Propert.
460 1917 468 1946 ‘
479 1916 550 1976 Non,
561 1929 612 1964 non
623 1916 669 1965 bu·
708 1910 821 1973 grandus
830 1924 879 1960 non
889 1908 948 1960 fnit.
966 1912 1051 1960 Danao
1060 1911 1094 1961 P.

140 1992 281 2039 manisuut
293 1997 380 2053 partus
398 1990 555 2039 taliadona.’
586 1990 669 2039 Inter·
715 2016 720 2025 ·
739 1990 772 2036 22
792 1986 956 2035 Usdemultsm
963 1987 1046 2047 pedam
1053 1986 1242 2050 armam-Ia·

140 2067 202 2114 dum
229 2066 308 2114 etiam
334 2064 431 2128 aliquid
453 2063 668 2126 interponebant)
709 2061 820 2111 tinitatis
830 2061 898 2110 ratio
908 2061 1031 2124 postulat,
1041 2061 1140 2111 scruta.
1161 2063 1231 2113 scal.

141 2142 196 2191 Cic.
215 2140 248 2189 ad
269 2139 327 2189 Art.
347 2140 391 2189 lib.
410 2152 439 2189 x.
456 2139 537 2188 ‘Non
555 2145 616 2188 sunt
634 2139 669 2188 ab
740 2140 773 2184 23
784 2137 887 2185 Pessimi
894 2135 982 2198 polita]
994 2135 1066 2186 Quos
1078 2136 1112 2185 ad
1119 2151 1162 2186 me
1171 2138 1243 2188 misit

141 2217 265 2280 obsequio
284 2221 382 2274 nostro,
404 2227 471 2263 nou:
494 2213 590 2262 babent
611 2226 669 2262 suas
708 2211 828 2262 Lucidius
840 2212 934 2260 calvus
946 2224 1026 2259 meus.
1046 2210 1240 2273 Perperamto·

141 2290 259 2341 radices!
276 2290 343 2339 Vide
352 2289 454 2338 Manat.
463 2287 489 2336 in
499 2287 669 2337 bonolocum.
710 2295 765 2338 tum
780 2287 939 2352 epigramma
949 2287 1137 2349 interpretatus
1149 2294 1191 2339 est
1202 2289 1242 2338 vir

175 2371 206 2416 18
225 2362 445 2426 curiosaquinos]
461 2363 522 2412 Pari
538 2377 625 2412 merce
642 2368 669 2411 te
707 2361 912 2412 facundissimus.
952 2361 1018 2410 Ideo
1035 2362 1115 2411 etiam
1136 2362 1242 2414 minima

142 2439 340 2490 remunerabor:
352 2439 431 2488 malos
442 2437 534 2501 politas
545 2438 670 2488 malorum
709 2450 818 2501 quaque
835 2437 862 2485 in
882 2449 914 2486 eo
930 2436 1081 2501 persequuti
1100 2451 1241 2504 cantuque

142 2517 278 2582 po'e'tarum
296 2514 388 2576 ricem,
405 2527 468 2576 quos
486 2511 588 2562 scilicet
608 2507 670 2562 milri
708 2510 886 2562 adolescentes
915 2511 942 2561 iu
969 2514 1077 2577 scopulo
1100 2513 1241 2566 haererent.

142 2590 244 2656 misisti,
253 2587 443 2652 saraptana.
459 2588 522 2640 scol.
688 2648 691 2652 ,
708 2587 783 2636 Idem.

487 2847 488 2850 ¹
536 2861 742 2930 OARMEN
765 2864 854 2930 XV.

175 3117 191 3161 a
208 3111 238 3162 Si
248 3113 368 3176 wopau
381 3108 460 3161 animo
476 3115 516 3161 tao
530 3109 627 3175 captos]
643 3110 671 3161 Si
710 3114 901 3180 patentiorem?
918 3115 998 3166 Licin.

143 3191 212 3255 quod
223 3190 464 3255 uuquamdaliciom
475 3187 672 3253 habuisti,quod
744 3195 774 3241 19
791 3190 914 3255 Ropboai]
930 3189 1026 3254 Tangit
1039 3189 1196 3254 supplicium
1210 3191 1241 3241 il·

141 3266 176 3314 ab
199 3265 256 3315 aliis
283 3269 443 3327 preceptum
469 3268 671 3328 corruptumque
709 3266 764 3330 iud,
775 3282 827 3330 quo
838 3267 1010 3316 Athenienses
1029 3267 1090 3314 olim
1107 3265 1240 3317 adulteros

143 3342 232 3392 nolles.
253 3340 334 3389 Lais.
710 3356 742 3391 ac
759 3356 897 3406 puerorum
910 3347 1053 3391 sectatores
1069 3339 1239 3391 adiiciebant.

181 3420 214 3465 18
236 3414 357 3464 Attrudls
387 3410 494 3476 pedibu]
543 3412 668 3462 Commel·
709 3417 892 3480 Deprehensoa
903 3414 1083 3480 quadrupedes
1095 3415 1240 3465 constitue·

141 3489 251 3538 membr.
261 3489 356 3549 mmtis,
369 3489 438 3536 uude
453 3487 568 3536 rescribo
582 3488 669 3537 matis
708 3491 781 3548 bant,
797 3507 828 3542 ac
845 3491 973 3541 violenter
983 3488 1103 3554 partibus
1114 3490 1240 3553 posceris·

142 3563 306 3629 prenotatis.
337 3563 465 3612 Credibile
476 3563 546 3617 euim
555 3577 617 3612 saue
627 3569 668 3614 est
708 3567 780 3617 ribus
796 3565 926 3628 expilatis,
940 3578 990 3628 per
1000 3563 1131 3627 podicem,
1140 3578 1239 3614 summo

143 3653 197 3701 eos,
218 3637 261 3703 qui
279 3637 339 3686 huic
360 3638 495 3701 supplicio,
513 3629 668 3688 moechorum
708 3657 767 3693 oum
787 3642 914 3703 mucleto,
939 3639 1091 3704 grandiores
1112 3640 1240 3703 raphanos

142 3721 217 3764 erant
241 3712 348 3772 addicti,
374 3712 452 3763 foisse
480 3719 538 3763 arte
567 3712 669 3777 ligatos.
708 3724 754 3766 aut
764 3716 872 3780 mugiles
882 3713 1074 3765 immittebaut:
1090 3713 1153 3764 inda
1168 3713 1238 3778 apud

145 3791 272 3853 Meleager.
708 3789 1076 3852 Graeoosverbumpapavoots
1087 3787 1248 3857 ilristoplso·¹

139 3895 142 3899 >
175 3869 263 3932 Porto]
278 3868 322 3919 Sic
337 3872 437 3932 partem
447 3864 669 3929 posticam,quam
707 3878 754 3915 aes
772 3865 891 3930 protulit.
920 3863 1042 3928 Raphani
1055 3864 1082 3913 in
1097 3864 1239 3914 Germanis

142 3954 235 3996 uotiua
255 3945 330 4008 texit,
347 3944 427 3994 etiam
447 3947 564 3991 nostrate
582 3943 669 4005 linguan
708 3941 742 3990 sd
760 3939 898 3990 infantium
912 3939 1118 4004 magnitudinem
1136 3953 1238 3994 exeras·

142 4033 272 4071 notamus.
294 4017 423 4081 Priapeiis
438 4016 446 4048 ‘
460 4021 535 4080 porta
552 4021 578 4067 tc
589 4013 670 4068 faciet
708 4021 780 4066 cunt.
803 4014 960 4067 Parthenias.
