2774 4702
140 333 205 400 178
490 353 521 401 c.
547 352 703 402 vesunu
726 352 893 403 carnosi

138 494 319 580 Phrygium
333 512 453 560 nemus
467 496 567 560 citato
582 496 707 579 cupido
721 496 809 580 pede
824 497 945 580 tetigit,

44 600 52 607 “
139 594 301 680 Adiitque
317 615 428 680 opaca
442 596 548 680 sylvis
561 597 716 662 redimita
731 597 810 663 loca
824 598 929 662 Deae:

140 696 339 761 stimulatus
355 697 410 761 ubi
420 695 539 762 furenti
552 696 656 776 rabie,
670 717 775 782 vagus
790 700 901 776 animi,

140 797 301 863 Devolvit
314 799 374 863 illa
387 804 488 864 acuta
501 798 568 863 sibi
581 797 732 881 pondera
747 799 852 863 silice.
1218 806 1242 868 5

140 897 260 982 Itaque
272 905 311 963 ut
324 899 440 963 relicte
456 899 559 964 sensit
573 899 640 964 sibi
652 898 804 966 membra
818 898 890 963 sine
904 897 990 974 viro,

139 1049 274 1125 Pterygion
313 1051 383 1113 loom,
398 1053 422 1099 et
432 1048 530 1126 ocem
548 1051 581 1098 od
596 1048 707 1126 nebron
722 1047 980 1125 boonDegrllbeeles,
996 1046 1129 1122 nomnibus
1144 1047 1242 1109 cincta,-

138 1111 272 1240 terte
283 1113 795 1242 „stertentum
808 1112 1242 1242 aarum

598 1299 781 1320 m

138 1382 177 1433 sic
188 1388 229 1432 eat
239 1398 282 1446 ap.
293 1382 403 1433 Terent.
413 1383 499 1433 Maur.
515 1384 542 1434 Ιι.
552 1384 572 1433 1.
590 1383 775 1434 citantem-2
791 1383 927 1446 Phrygiam
942 1389 971 1432 art
986 1383 1012 1431 iu
1025 1380 1141 1431 omuibus
1161 1379 1241 1430 codd.

138 1453 165 1496 et
174 1446 235 1495 edd.
245 1452 310 1497 vett.
320 1448 400 1499 etiam
410 1461 453 1511 ap·
462 1449 569 1499 Terent.
580 1448 666 1497 Maur.
676 1445 706 1495 rb
721 1452 749 1498 art
765 1447 864 1496 delevit
875 1447 945 1498 Scal.
956 1447 1002 1496 sed
1015 1452 1134 1495 servatur
1141 1445 1168 1494 in
1179 1443 1241 1494 edd.

139 1510 245 1560 conrad.
256 1518 283 1561 et
292 1512 417 1561 Gott-l
434 1511 466 1560 In
476 1511 536 1561 edd.
548 1518 614 1561 vett.
623 1510 752 1572 alfwenti
758 1526 769 1569 ,·
780 1511 882 1561 instat.
895 1517 924 1561 et
934 1511 1003 1560 Sosi.
1013 1509 1090 1559 codd.
1100 1509 1141 1557 sbi
1147 1523 1157 1566 ς
1176 1508 1242 1557 Cor·

137 1574 193 1624 rad.
204 1574 270 1637 legit
279 1575 324 1636 toi,
336 1588 411 1640 quern
422 1574 539 1641 seqnitur
550 1575 624 1626 Gott.
642 1575 680 1625 sic
697 1579 724 1624 at
735 1575 869 1625 commode
885 1575 986 1625 servari
1002 1580 1090 1638 potest
1106 1585 1184 1621 versu
1199 1585 1242 1621 se·

137 1637 280 1689 cundo—t
297 1638 329 1688 lu
346 1637 464 1689 omnibus
483 1640 552 1690 Stat.
571 1638 648 1689 codd.
666 1639 787 1702 Devolvit,
802 1638 932 1702 probante
946 1638 1047 1688 Wertb.
1073 1635 1170 1686 Araat.
1187 1634 1242 1699 legi

133 1701 221 1766 jubet,
232 1703 345 1752 Devolvit
360 1703 407 1751 siti
424 1703 496 1753 lucter
510 1708 581 1753 acuto
589 1705 694 1766 porilem
704 1703 778 1765 silice
786 1709 871 1752 metro
881 1702 1002 1752 obstante
1011 1718 1019 1764 ;
1029 1701 1098 1752 Stat.
1110 1697 1244 1760 tentabat,

138 1765 242 1816 Deeoeit
250 1782 260 1824 ,·
270 1766 314 1815 alii
324 1766 427 1829 legunt,
443 1767 545 1817 Dioellit
561 1768 602 1817 illc
611 1771 680 1816 acuto
698 1766 745 1816 riti
853 1780 881 1815 r:
894 1780 941 1830 pro
952 1766 996 1815 illa
1005 1765 1033 1814 in
1049 1762 1126 1813 codd.
1137 1763 1242 1825 libans,

137 1829 227 1891 weles,
235 1829 322 1892 illotae
332 1831 429 1891 hocas,
439 1831 539 1890 illectae
548 1832 590 1880 sel
600 1830 710 1888 iunctm
721 1844 753 1879 uu
774 1831 865 1881 estat.
872 1831 941 1892 conj.
951 1829 1010 1891 icto,
1019 1834 1047 1877 et
1058 1825 1243 1890 suspicabatur

137 1890 216 1942 abillo
227 1895 305 1955 gloss.
317 1891 397 1943 fuisse
407 1895 451 1942 τοῦ
461 1895 590 1945 Devolvit:
607 1896 737 1944 Persem
749 1901 801 1944 vet.
813 1895 871 1944 cod.
883 1893 971 1956 affert,
981 1893 1033 1956 ipae
1042 1894 1116 1941 luctae
1124 1889 1170 1939 ribi
1180 1905 1242 1953 porr·

137 1959 194 2006 dere
201 1956 292 2020 elbora,
300 1963 328 2005 et
338 1957 507 2008 &emutat
519 1960 544 2008 in
555 1959 644 2015 oliciar
667 1960 742 2007 Voss.
753 1972 786 2007 ex
800 1958 879 2021 flecto,
907 1957 957 2007 uod
974 1971 1003 2006 re
1040 1956 1073 2005 rit
1091 1955 1119 2003 iu
1129 1953 1240 2004 Medici.

137 2019 250 2083 primurn
258 2020 392 2083 conj.iecto
401 2028 479 2085 acuo,
489 2023 536 2072 sed
548 2036 606 2072 cum
618 2022 726 2072 meliora
738 2022 795 2085 ejus
804 1973 962 2086 exempaaria
970 2021 1003 2070 ba
1022 2025 1097 2068 erent
1108 2016 1165 2067 iere
1174 2018 1244 2081 loto,

138 2084 181 2132 vel
192 2085 249 2146 leto,
269 2084 325 2133 sine
335 2084 498 2136 hesitatione
509 2085 684 2150 reponendum
696 2085 798 2136 censuit
816 2086 880 2135 lerata
894 2090 981 2143 reatu
998 2090 1026 2133 at
1046 2083 1084 2132 sic
1099 2081 1243 2132 secundum

136 2145 309 2210 pedemt'ecit
320 2148 479 2211 spondeum,
496 2151 540 2214 qui
562 2150 661 2200 iambus
680 2164 737 2199 esee
756 2149 880 2200 debebat.
914 2147 1085 2199 Nihilominus
1102 2146 1136 2194 V.
1157 2147 1195 2195 1).
1213 2144 1242 2194 in

139 2210 205 2263 Oba.
223 2211 285 2262 biis.
301 2213 373 2262 Tem.
386 2226 405 2261 ι.
418 2213 475 2263 Vol.
486 2227 518 2264 ιι.
530 2229 556 2278 p.
565 2218 624 2264 825.
635 2212 774 2277 legendnm
791 2214 902 2277 putavit,
920 2212 1031 2262 Devolvit
1047 2213 1108 2260 lecto
1117 2214 1199 2265 oreta
1210 2216 1243 2258 ut

138 2274 233 2340 legerit
243 2275 342 2327 silicem
358 2282 473 2340 acutum,
493 2292 545 2343 quo
563 2293 626 2344 opus
642 2277 693 2328 lroc
712 2284 861 2341 perageret.
894 2276 1005 2326 Devolvit
1020 2275 1061 2325 ille
1071 2279 1141 2323 mato
1152 2272 1242 2322 Graes.

640 2387 749 2440 NOTAE

138 2479 244 2548 quideru
262 2484 369 2536 interae
380 2486 547 2538 conveniunt.
583 2486 669 2538 Aliter
709 2482 805 2547 dejecit
816 2480 938 2547 pudenda
952 2496 998 2532 sen
1014 2479 1107 2530 virilia.
1139 2476 1192 2528 Alii
1204 2479 1243 2528 ie·

137 2557 172 2608 de
188 2557 244 2625 Ary
261 2561 341 2611 Ovio.
359 2563 431 2613 Fast.
449 2577 488 2614 ιν.
508 2571 537 2614 et
555 2562 623 2614 Met.
638 2577 667 2615 x.
709 2564 774 2622 gunt
784 2560 856 2608 lucter
862 2573 872 2615 ,·
896 2573 946 2608 neo
964 2571 1012 2607 cur
1030 2554 1119 2619 potius
1134 2557 1243 2618 madero

137 2632 344 2687 Aliter‘servius
362 2636 396 2686 ad
414 2638 549 2688 AEn.v111.
580 2638 667 2688 Aliter
708 2632 1051 2696 dicanturgeaitolio‚quam
1060 2632 1142 2693 luctu,
1153 2628 1242 2680 video.

137 2695 245 2760 biodor.
256 2711 308 2761 Sic.
317 2711 362 2761 lib.
372 2724 416 2761 ιιι.
428 2726 487 2776 cap.
496 2716 521 2762 o.
707 2704 838 2756 ‘Lactes'
854 2720 917 2754 vero
937 2706 1043 2770 proprie
1060 2704 1182 2755 dicuntur
1200 2720 1241 2756 cre

169 2789 186 2835 2
201 2787 337 2851 phrygem
347 2785 441 2848 mu]
462 2783 507 2835 Ad
517 2785 587 2835 iupm
596 2800 667 2836 mon.
707 2786 796 2845 partes
807 2793 855 2844 per
866 2793 929 2844 quar
937 2780 1033 2830 labitur
1042 2779 1124 2830 cibus.

138 2861 173 2911 tis
192 2861 253 2911 lder‘
265 2867 378 2927 partem,
390 2876 448 2925 quse
459 2861 605 2923 Dindymus
621 2868 668 2913 aut
739 2854 818 2904 Antio
827 2852 904 2917 atie]
919 2853 1032 2904 Samiam
1042 2859 1137 2904 tottam
1147 2853 1244 2919 uncta,

138 2934 300 2999 Dindymum
311 2935 417 2997 dicitur,
430 2949 481 3000 quo
497 2949 591 3000 nempe
606 2950 667 2986 con.
707 2943 759 2992 qua
768 2929 888 2979 solebant
899 2929 988 2978 matris
999 2929 1123 2991 Deorum,
1134 2929 1242 2980 seuBe·

137 3010 666 3078 veniebantii,qniseBereeyutbiaeDeae
707 3002 849 3069 recyssihioe
870 3002 1035 3064 Stcerdolfl,
1057 3002 1103 3068 qui
1130 3003 1243 3053 ‘Galli'

137 3093 330 3136 componunt,
364 3086 480 3137 Maxime
491 3087 560 3136 enim
570 3087 669 3153 Cybele
707 3076 872 3142 dicebantur,
884 3077 933 3128 sibl
947 3076 1072 3142 genitfllia
1083 3082 1222 3140 amputare
1232 3095 1243 3140 ς

139 3173 186 3211 seu
197 3161 372 3227 Berecynthia
390 3162 417 3213 in
434 3162 550 3227 phrygia
566 3163 669 3213 coleba.
708 3166 757 3202 uec
778 3152 853 3203 aliter
873 3151 940 3201 citra
960 3150 1121 3217 perniciem
1149 3158 1179 3201 ut
1202 3152 1242 3203 ait

136 3240 190 3300 tur,
202 3237 413 3303 preciosumque
424 3237 452 3288 iu
461 3237 591 3303 Dindyma
600 3253 669 3288 mon.
707 3228 777 3279 Plio.
788 3229 833 3279 lib.
845 3241 933 3281 xxxv.
972 3227 1042 3278 Hinc
1053 3228 1132 3278 etiam
1142 3228 1242 3281 Jnreu.

138 3315 167 3360 te
177 3310 366 3378 Pbrygiae,ubi
384 3317 413 3362 et
432 3310 489 3376 ejus
507 3326 582 3365 sacra
600 3312 668 3362 cele·
708 3305 763 3356 Sat.
774 3319 814 3356 vs.
831 3305 944 3355 ‘Mollia
953 3304 996 3355 cui
1007 3310 1086 3368 rupta
1101 3305 1184 3354 secuit
1195 3320 1242 3370 ge·

136 3384 288 3451 brebantur,
301 3388 427 3452 templum
443 3387 573 3438 babebatr
598 3387 668 3437 uude
708 3381 801 3431 uitalia
811 3381 897 3432 tetta?
928 3380 979 3430 Ille
989 3393 1067 3443 porro
1075 3378 1242 3429 testastmia

137 3461 211 3510 dicta
228 3462 597 3527 eat‘Dindymene,'‘1dsee
614 3478 668 3513 ma·
708 3457 787 3508 cultri
808 3457 891 3507 vicem
914 3453 1067 3520 praestabat,
1084 3453 1144 3519 quia
1160 3462 1242 3506 acuta

137 3535 197 3598 ter,’
214 3539 263 3586 &c
302 3539 396 3603 virgil.
413 3540 471 3590 AEn.
484 3539 550 3590 rx«t
560 3539 603 3590 lte
619 3554 668 3604 per
708 3541 783 3597 erst;
804 3534 874 3584 unde
893 3548 909 3584 a
924 3532 1016 3583 Poetis
1031 3530 1137 3581 ‘culter
1153 3531 1242 3597 Pbry-

138 3611 193 3661 alta
210 3611 348 3677 Dindyma,
365 3612 410 3662 ubi
429 3613 537 3663 assuetis
555 3612 666 3664 biforem
708 3609 779 3675 gius'
795 3608 923 3674 appellari
941 3609 1019 3659 solet.
1058 3607 1195 3661 claudian.
1212 3609 1241 3660 in

138 3687 259 3741 dattibia
269 3695 391 3739 cautumr
406 3689 542 3754 Tympana
550 3703 595 3740 vos
603 3690 667 3742 bux-
707 3687 816 3751 Eutrop.
832 3685 971 3748 ‘Inguinis
982 3690 1010 3735 et
1020 3683 1145 3748 reliquum
1155 3683 1241 3749 Phry.

138 3777 223 3829 usque
242 3769 319 3816 vocat
335 3765 512 3830 Berecynthia
531 3767 621 3818 matria
640 3766 668 3817 1·
706 3763 757 3828 giis
767 3762 918 3814 abscindere
926 3759 1035 3812 cultris?
1065 3759 1242 3826 Jndaeirquo·

138 3837 222 3890 dee?
706 3853 757 3906 que
768 3844 929 3904 preceptum
939 3836 990 3888 fuit
1000 3836 1070 3899 olim,
1078 3844 1110 3886 ut
1127 3836 1242 3900 petrinis

171 3912 349 3978 tlacaDeae]
376 3913 666 3980 cybelesaacra,sylvia
705 3929 753 3966 seu
761 3914 872 3980 lapideis
881 3913 973 3965 cultris
981 3909 1241 3965 circumciderentur.

138 3988 227 4051 opacis
237 3989 367 4055 umbose,
377 4004 435 4054 quas
446 3996 539 4056 postea
548 3992 666 4042 Catullus
704 3993 785 4047 Josue
796 4008 855 4058 cap.
866 3999 890 4044 t.

138 4060 205 4112 dicit
220 4064 419 4118 ‘niveamicta’
737 4069 939 4120 oMembroairre
950 4068 1012 4133 airo]
1028 4065 1156 4118 ‘Virum’
1169 4062 1240 4119 dixit

166 4127 188 4188 '⁵
199 4137 309 4191 Decoloit
319 4141 361 4192 illo
368 4142 485 4210 maino]
503 4141 666 4210 Amputaudo
706 4160 764 4199 esur
774 4154 875 4214 partem
885 4161 937 4213 qua
947 4145 997 4196 riri
1007 4159 1105 4212 snmus,
1115 4156 1163 4196 seu
1178 4142 1241 4195 viri-
