2774 4702
305 861 560 978 rinnon
611 860 1015 957 ermanno..

500 1217 787 1229 m

96 1508 278 1597 Hnuuur
294 1551 357 1596 sua
369 1533 441 1597 fata
453 1531 568 1597 libelli.
614 1532 704 1596 Inter
718 1550 779 1596 eos
787 1524 919 1597 'ventes
932 1535 1124 1616 scriptores,
1139 1535 1198 1618 qui

95 1637 233 1718 longum
246 1654 307 1719 per
321 1643 454 1718 tempus
469 1635 608 1717 neglecti
629 1634 819 1720 jacueruut,
842 1635 933 1699 etin
957 1636 1094 1719 quibus,
1120 1642 1199 1720 post

96 1756 198 1802 curas
213 1736 357 1819 siugulis
369 1736 454 1801 locis
465 1735 647 1815 adhibitas,
657 1736 757 1821 plura
770 1736 881 1802 adbuc
892 1737 1043 1820 leguntur
1056 1741 1199 1804 obscura

97 1844 136 1903 et
148 1837 343 1921 depravata,
359 1834 485 1903 Catulli
498 1836 654 1903 Carmina
667 1857 735 1903 uon
749 1839 900 1903 ultimum
914 1838 1028 1903 locum
1041 1839 1198 1904 obtinent.

96 1938 229 2005 Etenim
252 1958 297 2003 ex
317 1958 386 2023 quo
413 1937 525 2003 studia
553 1939 697 2003 virorum
724 1939 898 2004 doctorum
926 1937 1057 2004 Latinis
1081 1939 1200 2004 Po'dtis

97 2041 259 2123 occupari
274 2045 460 2124 coeperunt,
475 2041 544 2105 alia
558 2040 671 2104 omnia
690 2039 811 2124 majori
824 2039 997 2134 diligentia
1010 2045 1045 2105 et
1058 2040 1200 2105 cautiori

98 2161 183 2206 eura
203 2147 333 2206 versata
346 2146 435 2219 sunt,
451 2161 551 2225 quam
575 2142 676 2207 nostri
698 2140 815 2206 Poetae
838 2139 1008 2205 Carmina.
1051 2140 1200 2227 Jamjam

99 2242 313 2318 Parthenius,
329 2246 467 2320 mntem,
492 2242 612 2324 inquit,
637 2242 872 2306 confusionem
895 2249 931 2306 et
950 2243 1199 2306 conversionem

67 2349 71 2356 ’
96 2344 135 2406 in
150 2342 274 2409 Catulli
289 2340 504 2407 Carminibus
515 2344 633 2421 fuisse,
649 2351 687 2408 ut
708 2344 739 2408 si
763 2345 807 2408 ab
822 2343 942 2408 Inferis
957 2342 1089 2408 Auctor
1106 2363 1204 2406 revo·.

97 2448 242 2520 caretur,
272 2462 334 2509 sua
358 2463 424 2508 nou
449 2452 542 2509 esset
566 2447 747 2527 agniturus
792 2444 870 2510 Nec
893 2453 1006 2511 tamen
1030 2444 1062 2507 is
1083 2443 1202 2525 dignus

98 2553 186 2623 erat,
196 2547 255 2629 qui
268 2551 364 2610 tanta
376 2565 518 2611 casuum
532 2546 693 2612 varietate
702 2546 902 2637 jactaretur,
918 2551 952 2611 et
966 2546 1201 2627 sospitatorem
1236 2566 1240 2575 ¹

99 2645 159 2708 diu
175 2647 396 2711 desideraret.
441 2647 608 2727 Equidem
622 2667 684 2730 pro
706 2646 840 2711 Catullo
865 2647 1008 2731 ejusque
1023 2644 1203 2707 montibus

100 2746 224 2822 dicere,
239 2752 299 2808 aut
312 2765 389 2808 eum
402 2743 580 2824 flagitiosae
606 2747 809 2825 impuritatis
834 2741 961 2824 specie,
977 2760 1044 2825 qua
1062 2760 1203 2827 suspec-

100 2854 172 2912 tum
185 2845 319 2923 babent,
332 2846 484 2921 liberare,
498 2862 566 2907 non
581 2842 673 2926 apud
682 2863 735 2906 me
746 2844 921 2923 constitni;
950 2863 1013 2908 nec
1027 2862 1109 2909 curo
1128 2863 1203 2923 eos,

101 2947 212 3030 quiin
226 2948 376 3011 moribus
391 2945 572 3010 Petitarum
590 2945 710 3026 magis,
727 2965 828 3028 quarn
840 2945 874 3009 in
888 2945 1000 3009 verbis
1015 2945 1153 3024 haerent,
1168 2955 1205 3012 et

100 3047 267 3131 ingenium
289 3066 356 3111 nou
376 3048 443 3110 nisi
464 3047 623 3130 pudicum
644 3050 720 3110 esse
743 3046 871 3112 volunt
915 3045 998 3123 Qui,
1013 3049 1141 3125 vereor,
1164 3070 1204 3114 ne

103 3149 291 3232 saepissime
315 3147 493 3227 fallantur3
518 3167 609 3224 nam,
635 3168 714 3231 quae
729 3148 814 3212 inter
837 3167 946 3212 mores
967 3153 1001 3213 et
1016 3149 1204 3214 orationem

91 3249 276 3322 ,intercedit
289 3248 517 3325 necessitudo,
531 3268 599 3312 nou
612 3249 648 3313 in
661 3264 875 3334 quocumque
899 3248 1009 3313 Potita
1026 3251 1079 3314 ita
1095 3252 1204 3329 valet,

101 3359 140 3418 ut
155 3354 200 3418 ad
213 3353 372 3434 regulam,
387 3353 502 3415 nescio
514 3369 627 3434 quam,
642 3352 733 3434 exigi
748 3350 868 3433 possit
902 3348 1022 3414 Placet
1037 3349 1204 3430 Catullus,

103 3454 186 3537 quia
200 3454 343 3538 plurima
356 3455 391 3517 in
405 3472 447 3517 eo
459 3453 603 3536 placent.
628 3451 743 3536 Atque
755 3453 790 3516 in
803 3449 931 3532 magnis
946 3450 1089 3533 ingeniis
1104 3453 1207 3517 multa

102 3556 323 3637 reperiuntur,
338 3555 461 3638 quibus
472 3572 585 3618 eorum
600 3554 682 3617 vitia
696 3553 890 3636 expientur3
913 3570 976 3615 nec
991 3553 1091 3635 culpa
1104 3553 1205 3617 vitio·

102 3675 187 3732 rum,
199 3673 277 3738 quae
290 3655 406 3719 saeculi
422 3663 513 3732 sunt,
526 3654 560 3717 in
572 3653 722 3736 singulos
735 3652 897 3730 homiues,
911 3654 968 3736 qui
983 3653 1026 3717 iis
1039 3654 1205 3730 laborant,

70 3774 73 3778 ·
104 3756 230 3841 conjici
245 3755 354 3820 debet.
399 3760 410 3789 ‘
427 3755 517 3820 Nam
530 3762 661 3820 castum
683 3773 759 3819 esse
782 3754 881 3818 decet
893 3755 984 3838 pium
998 3754 1132 3838 politam
1147 3755 1205 3838 Ip-

105 3877 200 3922 sum:
223 3857 408 3920 versiculos
421 3856 502 3920 nihil
515 3875 655 3920 necesse
668 3854 742 3920 est?

148 3959 413 4040 Elegantissime
422 3956 577 4033 Carmina
591 3955 792 4040 conscripsit
800 3954 966 4034 Catullus,
978 3956 1063 4021 mira
1076 3956 1206 4040 simpli·

106 4059 209 4124 citate
219 4078 261 4123 ac
275 4063 463 4140 venustate;
478 4061 585 4142 neque
594 4058 668 4146 ipse
677 4057 855 4123 destitutus
862 4063 933 4122 erat
941 4057 1067 4141 ingenii
1073 4059 1120 4137 vi,
1127 4058 1205 4142 quae
