2774 4702
347 288 393 351 c.
417 287 574 339 vinnan
594 288 763 339 nannoni
788 288 943 338 osnuuu
969 290 1018 337 ιν.
1170 274 1244 343 ,343

555 582 760 649 GARMEN
782 582 846 649 IV.

148 833 152 841 ·
180 816 677 882 tenerrimasffroquosnbstitneraut
712 802 794 868 cursu
814 817 874 866 reni
896 817 1000 881 prolato
1022 816 1089 882 pede
1109 831 1190 882 usque
1210 814 1245 867 nd

145 891 260 955 imperiti
270 892 424 942 retentam
455 893 500 942 Sic
517 894 586 943 Stat.
611 893 677 942 The·
716 892 880 959 saphonem?
924 894 976 944 Ubi
998 909 1045 958 pas
1073 901 1115 944 est
1139 895 1247 958 angulus

137 966 217 1016 -bnid,
229 966 272 1016 lib.
285 981 306 1016 r.
325 967 371 1016 ‘et
379 968 474 1016 sedisse
486 968 611 1032 superbus
624 970 677 1018 De·
716 971 778 1033 reti,
789 976 818 1020 nt
830 968 891 1020 aiibi
905 977 978 1021 recte
996 972 1105 1035 exponit
1122 971 1246 1022 Isidorus.

137 1043 217 1106 jecto
228 1050 291 1092 tuuc
300 1040 382 1092 fratre
393 1050 469 1107 putat
475 1043 493 1093 ε’
508 1058 587 1108 purus
597 1051 676 1108 putas
717 1045 864 1109 Propcdern
882 1052 958 1095 vocat
975 1046 1122 1110 Turpilius:
1137 1049 1153 1079 ·‘
1164 1045 1247 1096 Quasi
1326 1032 1331 1041 ’

144 1117 336 1167 Hellenisurus:
348 1117 507 1181 ‘superbus‚’
515 1134 563 1183 pro
572 1121 676 1184 ‘super-
715 1134 793 1184 quarn
806 1127 899 1170 ventus
909 1118 963 1170 fert
974 1122 1060 1170 navim
1076 1120 1104 1171 in
1120 1134 1191 1170 mare
1205 1133 1247 1168 se·

143 1191 227 1254 burn‚'
246 1206 327 1255 genus
339 1192 459 1257 loquendi
471 1200 615 1256 venustum,
626 1195 677 1244 usi·
716 1195 826 1258 nundus,
843 1196 871 1244 Si
887 1196 943 1260 quis
961 1196 1102 1259 propedem
1113 1196 1184 1245 misit
1194 1194 1248 1243 veli

137 1272 233 1314 'tatum
243 1266 348 1329 optimis
362 1267 543 1330 scriptoribus,
550 1268 596 1318 sed
607 1268 676 1333 quod
716 1270 880 1321 sinistrumz'-
898 1271 1023 1336 Virgilius
1045 1278 1119 1321 recte
1141 1271 1247 1320 deuson-

134 1346 274 1390 *remotum
286 1340 379 1392 abusu
393 1343 471 1407 vulgi,
488 1343 622 1407 imperitos
639 1341 677 1393 of·
717 1352 784 1395 strat
795 1345 855 1410 quid
867 1346 903 1397 sit
919 1345 1025 1397 ‘facero
1041 1347 1153 1410 pedem
1167 1359 1246 1411 quurn

144 1413 280 1466 tenderat.
296 1417 389 1480 virgil.
406 1419 511 1469 ‘Sensit
522 1419 620 1469 medios
633 1419 678 1469 de·
717 1418 959 1485 dicit‘psriterque
968 1421 1092 1484 sinistros,
1100 1422 1177 1472 Nunc
1184 1420 1248 1470 des·

144 1489 389 1552 lapsusinirostes!
417 1494 538 1559 Propert.
564 1495 678 1544 ‘visura
718 1500 772 1543 tros
780 1495 882 1544 coivere
893 1495 980 1546 sinus.'
1006 1495 1068 1546 Scoi.

143 1566 302 1629 etqnsmvis
317 1581 447 1632 nunqnam
466 1575 585 1632 sperarat
600 1570 677 1633 Ulys·
712 1595 718 1601 ·
759 1568 885 1618 Isoidinet
905 1569 933 1619 is
949 1570 1044 1633 mess]
1071 1568 1159 1620 Pedes
1180 1569 1248 1634 aequi

145 1639 222 1692 senu'
232 1642 236 1682 ἶ
246 1640 341 1690 Horat.
366 1644 430 1692 ‘Vir
442 1643 524 1694 bonas
536 1650 563 1693 et
574 1643 677 1709 sapiens
716 1650 776 1693 sunt
788 1650 816 1694 et
824 1657 910 1707 pares,
920 1658 979 1695 curu
989 1645 1015 1693 in
1026 1652 1163 1710 utrumque
1173 1646 1247 1695 siusul
1290 1655 1294 1658 ·

145 1714 233 1779 dignis
243 1717 348 1767 nitesce
360 1717 485 1780 paratus!
716 1717 845 1767 secundus
858 1716 936 1767 datus
948 1719 1055 1770 incidit:
1072 1734 1141 1770 nunc
1152 1720 1249 1780 dextri,

145 1819 153 1827 -
180 1791 342 1855 tNatsstis]
355 1793 677 1856 Nuturahicprosurigsre
715 1805 784 1841 nunc
810 1792 907 1843 sinistri
934 1793 1102 1843 solvebantur
1129 1796 1247 1844 reiorum

145 1863 291 1928 posuit,··nt
307 1873 335 1915 et
353 1866 572 1932 slioiz·⁴cunque
584 1868 678 1933 juven·
715 1856 792 1916 sinua'
808 1880 857 1930 pro
879 1866 949 1917 renti
967 1868 1151 1930 mutabiiitate,
1170 1875 1249 1931 prout

146 1946 192 1990 tus
201 1938 256 1990 Per
269 1941 382 1991 medium
399 1943 474 1993 classi
486 1943 596 1994 barbara
606 1945 679 1995 navit
716 1940 827 1989 dextera
841 1946 886 1991 tut
898 1936 1008 1991 'tillium
1023 1938 1148 1991 adderet:
1167 1941 1248 2004 pedet

146 2013 255 2065 Athon?
276 2016 359 2067 Dossu
371 2018 404 2068 F.
718 2016 823 2079 proprie
833 2026 895 2067 suut
908 2014 984 2067 funes
1000 2017 1034 2067 ad
1052 2019 1161 2080 angulos
1177 2019 1247 2067 reio·

147 2110 151 2123 ·
179 2091 319 2140 didiceris
328 2091 677 2159 Adrs'utieil't'crepoarpdrs-
717 2104 784 2153 rnru,
802 2090 894 2155 quibus
913 2105 946 2141 ea
965 2092 1143 2143 vertebantur.
1177 2092 1249 2142 Hinc

148 2177 200 2230 prr·
216 2179 277 2215 ocus
288 2179 321 2215 es
331 2164 415 2215 Adria
426 2167 453 2215 in
465 2166 603 2231 cycladas,
618 2168 678 2220 hinc
717 2171 746 2214 et
762 2179 809 2228 pro
828 2166 899 2215 reiis.
932 2164 1050 2216 Isidorus
1069 2167 1250 2231 ‘propedem'

149 2239 278 2303 Rhodum,
289 2239 380 2289 Rhodo
390 2240 416 2288 in
427 2241 569 2302 inueniam,
579 2242 678 2291 sinca-
719 2246 796 2289 vocat
803 2239 848 2288 riv
857 2237 970 2307 epirote,
981 2247 1010 2291 et
1020 2239 1108 2291 funem
1120 2242 1251 2305 iuterpre-

148 2313 232 2364 cisin
243 2313 357 2364 Ponturu
374 2315 453 2365 venit.
486 2315 538 2365 Sed
549 2323 641 2364 contra
651 2315 678 2365 in
717 2321 798 2378 tetur,
810 2332 862 2381 qno
870 2331 917 2381 pes
925 2317 976 2366 reli
986 2318 1118 2380 alligetur.
1135 2318 1250 2382 Turpili-

146 2402 200 2438 οτι.
210 2389 323 2438 Pontica
335 2387 463 2439 fabricato
482 2390 604 2454 Pirasctn,
615 2391 675 2441 hino
716 2407 745 2441 ns
754 2409 761 2439 ε
771 2392 815 2442 ‘si
824 2391 880 2456 quis
887 2391 1029 2456 propedem
1040 2392 1110 2441 nsisit
1118 2393 1168 2440 reli
1176 2393 1250 2442 ainis·

147 2461 292 2528 profectus,
310 2479 359 2528 per
379 2465 425 2513 iiia
445 2466 503 2514 ioca
524 2466 551 2514 in
569 2465 676 2516 Adriani
717 2466 804 2517 trum!
821 2465 1249 2529 Ergomododentrimodosinis·

146 2538 279 2603 pervenit.
316 2538 421 2589 Deinde
440 2538 571 2603 ingrersus
590 2540 676 2589 Padn·
717 2543 752 2593 tri
762 2539 1121 2606 proferebantur-huiuamodi
1133 2540 1249 2590 reiorum
1298 2573 1300 2576 -

150 2615 302 2666 ssus¹aireo
322 2616 389 2665 Padi
411 2623 546 2680 exceptus,
566 2616 677 2666 adverso
718 2619 837 2684 pedeset
845 2617 985 2682 propedea,
993 2624 1071 2681 prout
1080 2622 1138 2667 erat
1148 2623 1251 2677 rentur,

150 2688 251 2740 Mincio
266 2689 299 2739 ad
312 2691 447 2739 Benacum
463 2691 557 2754 lacurn,
575 2690 680 2739 Sirmio·
720 2695 806 2744 ‘lassa
826 2694 880 2743 aire
901 2692 1011 2742 dextere
1029 2693 1145 2742 Vocaret
1161 2705 1224 2741 aura
1235 2691 1252 2742 :’

150 2765 333 2829 neurappnlit.
358 2765 426 2816 daut·
719 2783 778 2819 num
800 2769 859 2818 vala
879 2767 963 2819 ventis
983 2767 1198 2830 obvertebantur,
1217 2767 1251 2817 ad
1308 2759 1316 2774 ⁴

184 2842 216 2890 21
234 2839 366 2889 decidisset
387 2840 414 2889 is
432 2839 527 2903 puers]
564 2839 616 2889 Pes
640 2847 681 2891 est
721 2841 1252 2909 excipiendosdatus.Plautuss‘litcnm·

149 2911 336 2965 funiculus‘cui
353 2915 461 2980 'angulus
479 2916 531 2966 veli
546 2916 680 2980 religatur.
720 2934 771 2985 que
789 2921 815 2969 iu
831 2920 885 2970 aito
903 2924 997 2969 ventus
1016 2925 1067 2981 est,
1088 2918 1148 2968 eain
1167 2918 1251 2968 velum
1332 2928 1337 2938 ·

151 2989 222 3042 Inde
230 2989 317 3040 iacere
326 2992 419 3055 pedem
427 2998 470 3042 est
478 2993 635 3044 contrarium
645 2993 679 3056 ei,
705 3001 706 3004 ’
720 2993 854 3045 vortiturs'
865 3008 929 3058 ergo
938 2993 1014 3043 ruodo
1024 2992 1057 3043 ad
1066 2993 1252 3057 iaevam,rnodo

151 3065 222 3131 quod
242 3068 283 3116 hic
297 3069 410 3117 uolebat
435 3068 562 3118 (intuitus.
611 3069 681 3119 Nam
721 3068 971 3131 addextransmudo
980 3068 1066 3117 dextri
1077 3066 1252 3131 pedes‚1ncdo

152 3147 247 3191 ventus
257 3141 355 3192 medios
366 3142 436 3192 sinus
448 3143 500 3193 veli
510 3141 681 3207 iudans,dici·
721 3145 818 3194 sinistri
829 3140 994 3203 laxabantut,
1002 3147 1031 3190 et
1042 3141 1251 3205 proferebantur.

121 3266 124 3273 ,
152 3221 197 3266 tur
215 3216 319 3266 nautica
340 3217 470 3268 locutione
498 3218 631 3269 ‘incidere
654 3220 681 3269 in
721 3219 790 3268 Ptin.
808 3216 854 3268 lib.
870 3229 903 3266 ιι.
920 3229 944 3264 c.
960 3219 1001 3264 di.
1026 3217 1035 3244 ‘
1047 3215 1144 3265 lisdem
1162 3224 1252 3267 autem

152 3296 294 3356 utrumque
314 3291 424 3356 pedem!
473 3291 580 3354 Contra,
603 3308 680 3358 quum
717 3293 806 3344 -rentis
820 3292 848 3342 iu
864 3290 1021 3340 contrarium
1038 3290 1180 3351 navigatur·
1192 3304 1252 3353 pro·

153 3366 219 3417 isera
229 3367 284 3415 aiv'e
301 3367 408 3416 dextera
418 3374 496 3417 vocat
505 3382 575 3425 aura,
585 3368 682 3418 dicitnr
720 3369 780 3420 latis
790 3366 908 3432 pedibus,
919 3372 949 3414 ut
959 3369 1040 3413 noctu
1047 3364 1197 3428 plerumque
1208 3365 1253 3414 sd·

152 3444 265 3492 marris
278 3441 383 3492 ‘facere
395 3443 505 3506 pedem!
539 3444 613 3494 Idem
629 3443 684 3493 ‘sa-
721 3458 798 3494 versa
808 3443 867 3492 reia
877 3439 1059 3491 concurrant.'.
1080 3439 1252 3490 indisertum

154 3519 326 3584 cerepedern'
339 3525 390 3582 est,
405 3519 475 3584 quod
494 3527 582 3570 nautae
599 3521 683 3570 nostri
723 3517 995 3585 protetispedibus‚in
1013 3516 1255 3568 contrariumnari·
1315 3511 1319 3519 “

154 3594 446 3653 dicunt,dimidiorcnto
453 3596 583 3658 navigare.
595 3596 683 3647 Quare
724 3604 809 3665 gatar,
819 3596 856 3647 ita
864 3600 894 3644 nt
904 3593 1014 3643 adversa
1022 3595 1081 3644 vela
1089 3600 1254 3655 concurrunt,

154 3669 290 3733 insigniter
301 3675 373 3718 errat
383 3669 423 3718 vir
433 3670 627 3734 disertissimus,
640 3671 684 3736 qui
724 3674 802 3724 etiarn
822 3671 914 3721 iisdem
933 3671 1036 3732 rentis;
1057 3676 1085 3721 at
1106 3670 1205 3734 pariata
1225 3674 1253 3728 et

154 3742 263 3794 'facore
279 3742 382 3806 pedem'
398 3744 496 3807 accipit
512 3759 560 3809 pro
575 3745 635 3795 reis
645 3743 684 3795 ss·
720 3751 828 3816 'arquata
838 3747 995 3797 dicebantur
1005 3747 1075 3808 vela,
1084 3761 1142 3795 curu
1153 3746 1179 3794 in
1191 3742 1254 3793 dex·

156 3832 226 3870 cere.
243 3818 325 3884 Atqui
336 3819 394 3867 reia
402 3816 490 3867 iacere
498 3826 539 3869 est
548 3818 684 3871 velificari.
724 3831 792 3875 truso
814 3830 842 3872 et
863 3821 992 3870 sinistrum
1011 3819 1086 3868 simui
1106 3824 1199 3867 rentur
1215 3817 1255 3867 in·
1325 3825 1328 3831 '

156 3895 196 3946 As
215 3909 267 3945 non
295 3895 377 3945 omnis
395 3894 527 3944 velificans
550 3893 615 3945 facit
639 3910 684 3958 pe·
725 3904 849 3963 grueret:
865 3894 1012 3946 ‘inrasire
1023 3893 1256 3944 dexteraVncaret

157 3969 225 4019 dem.
249 3970 309 4019 Nou
320 3969 389 4018 enirn
400 3976 443 4019 est
452 3970 593 4030 πλησίστιος
603 3970 686 4032 ἄνεμος
726 3987 796 4035 aura,
814 3974 868 4022 sire
880 3977 1025 4034 utrumque
1045 3967 1152 4030 Jupiter
1172 3969 1256 4018 Simul

157 4059 236 4109 quam
246 4042 312 4094 facit
322 4043 426 4107 pedem,
436 4046 481 4095 sed
494 4061 572 4110 quum
587 4047 686 4096 medios
726 4047 854 4099 secundus
862 4044 998 4095 incidisset
1010 4042 1036 4092 in
1047 4042 1158 4105 pedem.’
1185 4044 1256 4109 Ergo

157 4120 227 4169 ainus
246 4119 348 4182 impiet.
390 4119 534 4185 cecitiuss
547 4129 555 4150 ⁴
566 4123 687 4172 Veneres
727 4122 804 4174 ruodo
819 4120 851 4171 sd
869 4118 1012 4182 dexteram,
1028 4116 1104 4168 ruodo
1119 4117 1153 4170 ad
1163 4118 1256 4169 latram
