2774 4702
546 281 702 330 conunn
727 282 865 331 uxvru.
1184 269 1249 336 255

199 423 408 505 Naufragum
422 428 459 487 ut
472 423 618 506 ejectum
632 428 860 508 spumantibus
873 430 1015 512 aequoris
1028 432 1130 496 undis
1201 429 1204 435 '

240 524 429 603 Sublevem,
444 531 477 589 et
492 544 513 589 a
526 513 642 590 mortis
654 527 770 593 limine.
782 529 970 594 restituam:
1047 535 1049 540 ’

200 625 309 706 Quem
323 642 430 708 neque
445 632 563 690 sancta
577 626 693 690 Venus
706 629 799 692 molli
814 629 1021 711 requiescere
1035 651 1148 696 somno
1227 634 1249 696 5

241 727 416 791 Desertum
429 725 464 788 in
478 726 567 790 lecto
582 727 702 792 coelibe
715 729 900 811 perpetitur
911 749 928 814 ;,

198 828 273 892 Neo
289 834 438 891 veterum
452 826 542 891 dulci
556 828 752 914 scriptorum
767 830 912 894 carmine
927 828 1040 895 Mnsae

241 928 432 1007 Oblectant,
447 948 523 993 cunr
538 948 635 993 mens
650 930 752 994 anxia
766 931 960 1013 pervigilat:
1009 978 1014 988 .

198 1029 238 1093 Id
253 1034 378 1111 gratum
389 1024 446 1093 'est
455 1028 547 1106 mihi,
561 1050 613 1093 me
627 1031 782 1113 quoniam
795 1031 856 1094 tibi
871 1031 967 1095 ducis
981 1031 1137 1109 amioum,

239 1131 449 1213 Muneraque
463 1135 498 1194 et
514 1129 687 1196 Musarum
698 1130 776 1195 hinc
790 1131 873 1213 petis
887 1135 921 1194 et
932 1131 1085 1199 Veneris.
1123 1166 1152 1191 .„·
1204 1133 1247 1198 10

197 1231 264 1295 Sed
279 1232 340 1296 tibi
354 1251 397 1294 ne
408 1251 484 1297 mea
498 1230 565 1296 sint
579 1231 696 1314 ignota·
706 1232 927 1310 incommodo,
942 1232 1061 1312 Manli,

238 1331 318 1395 Neu
332 1352 385 1395 me
397 1333 510 1396 odisse
524 1336 623 1414 putes
637 1332 781 1415 hospitis
796 1332 958 1399 officium:
1047 1386 1050 1393 .

196 1432 337 1517 Accipe,
353 1434 428 1516 quis
443 1452 564 1497 merser
577 1432 716 1497 sortunae
731 1432 890 1497 fluctibus
904 1435 991 1517 ipse,

238 1534 294 1598 Ne
308 1535 455 1617 amplius
469 1535 622 1599 amisero
636 1533 724 1598 dona
737 1535 838 1599 beata
852 1538 960 1616 petas.

156 1779 201 1828 ego
214 1763 263 1814 tibi
275 1765 347 1829 quari
356 1762 508 1826 naufragium
524 1778 604 1827 poem,
623 1765 781 1827 spumosisque
795 1763 869 1812 morio
876 1760 1092 1826 fluctiducjccloio
1102 1776 1244 1827 succurram,

155 1833 218 1890 teque
235 1843 249 1877 e
264 1828 307 1877 loti
318 1827 431 1887 saucibus
450 1834 555 1890 ereptum
573 1827 694 1892 fficium
710 1833 734 1876 tc
752 1842 819 1890 quem
829 1828 855 1876 io
865 1829 935 1876 oiduo
951 1826 1021 1874 cubili
1031 1827 1166 1876 derelictum
1176 1842 1245 1877 cocco

157 1893 229 1940 Venus
238 1907 284 1940 nom
292 1892 385 1954 potitur
400 1892 500 1940 relevari
509 1891 601 1952 placida
611 1893 701 1954 quieter
717 1907 785 1954 quem
793 1906 866 1954 neque
875 1892 948 1940 ctiam
959 1891 1036 1938 Muroe
1045 1895 1152 1939 recreant
1159 1890 1246 1949 Μη-

153 1956 189 2002 diu
203 1956 334 2018 priscorum
352 1960 473 2003 nummum
489 1954 572 2011 libris:
588 1969 640 2003 cum
655 1955 748 2004 ommno
766 1961 824 2004 tuno
841 1969 940 2004 moermo
954 1953 1100 2018 pervigilum
1116 1959 1139 2002 et
1154 1954 1198 2003 doc
1216 1957 1246 2004 dc

153 2033 221 2067 cuuoc
232 2019 317 2081 pomis
326 2033 342 2067 a
351 2033 388 2066 mc
398 2019 524 2067 Motorum
535 2020 596 2066 donn
606 2024 630 2067 et
646 2019 818 2078 Verucricjocor.
855 2018 949 2080 Verum,
959 2033 973 2066 c
984 2019 1071 2078 Manli,
1081 2031 1111 2066 ne
1121 2019 1183 2067 molo
1194 2033 1246 2068 mcc
1351 2027 1355 2035 '

153 2082 196 2130 titi
203 2082 253 2131 rint
263 2082 393 2144 incognito,
402 2086 426 2130 et
434 2096 463 2130 ae
473 2081 594 2130 exiotimec
605 2096 640 2130 mc
650 2081 725 2132 odiam
740 2082 839 2146 hospitio
848 2084 957 2150 miluum,
974 2082 1040 2143 oud,
1051 2081 1134 2144 puilm
1144 2097 1188 2143 ego
1192 2076 1247 2142 for·

153 2150 214 2194 tonoe
224 2148 329 2196 odom
336 2144 445 2210 procellir
454 2145 499 2194 rim
515 2159 645 2209 oppremere,
655 2151 682 2195 ut
690 2146 788 2210 portico
799 2162 814 2196 a
824 2162 861 2196 mc
869 2146 959 2207 imelici
970 2159 1016 2195 uon
1025 2159 1117 2208 quoeroo
1125 2146 1182 2196 loeto
1189 2159 1246 2196 cur·

611 2285 788 2309 ummo

151 2381 240 2430 eodem
252 2382 335 2430 Dcer.
366 2382 529 2444 cvnsmmom
539 2381 678 2433 loaimirin
692 2385 762 2435 Mur.
773 2384 862 2434 (ἔνων.
874 2391 902 2434 ot
919 2383 976 2433 aliis
993 2387 1107 2434 vett-d
1126 2382 1248 2444 Nouimgi

151 2445 217 2508 conj.
230 2445 322 2494 Heius.
331 2451 360 2494 ut
369 2444 402 2492 ad
412 2446 514 2508 equoris
523 2445 670 2495 referatur:
688 2463 735 2511 pro
746 2452 774 2496 ut
785 2448 809 2494 in
820 2448 971 2510 quibusdum
981 2451 1064 2496 et.-6
1075 2448 1107 2495 In
1117 2447 1246 2494 nonnullis

149 2508 208 2558 edd.
222 2516 286 2559 vett.
295 2509 397 2557 ilrolnmo
405 2509 493 2567 coelide,
505 2509 666 2571 improbante
675 2511 792 2560 Seni-8
808 2511 876 2561 Stat.
885 2510 990 2573 legebat
1000 2511 1123 2558 cuimem:
1138 2509 1164 2557 in
1175 2509 1245 2556 Scul.

151 2578 177 2620 et
186 2573 227 2622 ed.
240 2587 315 2622 anon.
339 2572 476 2634 pervigilet,
495 2572 563 2635 quod
583 2573 690 2622 damnat
706 2574 835 2622 Boea-9
852 2574 883 2621 In
895 2573 1011 2621 omnibus
1021 2572 1089 2622 Stat.
1099 2578 1127 2621 et
1138 2571 1245 2634 triginta

149 2635 222 2684 Sunt.
242 2635 318 2687 codd.
334 2650 392 2685 cum
411 2635 470 2685 edd.
486 2649 524 2697 pr.
546 2649 583 2683 me
593 2651 616 2719 q.
626 2641 645 2684 t.
655 2636 724 2696 dicia
733 2636 751 2684 i.
762 2649 785 2684 e.
807 2636 865 2683 ‘me
878 2635 1003 2699 declarat,
1014 2649 1054 2683 me
1067 2633 1204 2698 alloqueris
1215 2641 1246 2685 ut

149 2706 219 2748 tunm
241 2699 352 2748 amicum
370 2699 397 2746 in
415 2699 464 2748 hac
482 2698 599 2761 epistola.
640 2699 731 2748 Lectio
747 2704 837 2747 nostra
852 2698 963 2748 debetur
982 2699 1074 2760 Calph.
1092 2699 1118 2747 in
1137 2697 1243 2747 vicent.

149 2767 214 2811 -10
229 2763 375 2825 Muaercoue
394 2763 519 2811 Musarum
536 2761 564 2809 in
582 2761 794 2826 Hammetlteg.
820 2763 922 2810 Munera
936 2763 1105 2824 Muoommpue
1120 2761 1247 2824 irimpetio

149 2825 203 2882 irinc
214 2826 348 2876 eriuin
358 2825 496 2875 Lern-11
513 2825 545 2873 In
562 2825 690 2874 nonnullis
701 2826 767 2876 Stat.
784 2825 859 2875 codd.
875 2826 1057 2875 Manlium-12
1072 2825 1180 2875 Schrad.
1190 2833 1247 2875 ten·

150 2890 223 2938 tubat
232 2890 351 2952 mrpilico
392 2889 437 2938 'um
445 2905 456 2948 ‚·
474 2888 520 2938 red
538 2887 596 2938 vide
609 2903 646 2938 vs.
658 2892 765 2946 ctu-13
781 2889 869 2952 Aspice
884 2891 911 2939 in
922 2889 1090 2954 quibusdum:
1108 2890 1148 2953 qui
1158 2889 1185 2939 in
1194 2904 1246 2940 nno

137 2948 258 3004 Medici.
284 2953 339 3016 quid
377 2968 418 3003 uu.
444 2951 614 3015 quomlondut
633 2952 748 3008 Crinitae
764 2953 790 3002 in
803 2953 1246 3005 VitaCatullizoeroerinulioMu·

642 3144 752 3195 NOTAE

149 3277 252 3328 Deinde
262 3282 374 3327 testatur
383 3292 411 3328 oe
419 3278 453 3328 dc
462 3278 538 3328 rebus
548 3278 679 3327 amatoriis
718 3278 886 3342 conjunctum
910 3276 1040 3341 dialogum
1067 3275 1149 3325 faciet
1177 3276 1244 3326 inte-

143 3354 229 3404 libroo
242 3355 364 3416 veroum,
384 3367 435 3418 quo
453 3370 480 3404 oe
492 3354 526 3404 ob
537 3353 627 3402 fratris
638 3354 677 3402 in·
717 3368 799 3416 grum.

150 3429 254 3477 teritum
273 3428 430 3491 contulerat,
448 3442 500 3477 non
516 3427 676 3491 habere,'ued
750 3432 780 3476 10
797 3427 943 3490 lienemque
956 3430 981 3476 ct
998 3426 1123 3474 Moesorum
1133 3427 1157 3472 et
1172 3422 1246 3473 Vme-

144 3502 248 3566 Romae,
257 3500 454 3566 ubinabitabot,
465 3502 606 3566 reliquisse.
621 3504 677 3552 Do·
716 3503 763 3565 rio]
782 3502 902 3553 Carmina
913 3501 1014 3552 scilicet
1025 3499 1207 3565 consolatoria,
1216 3506 1245 3550 ct

148 3577 226 3641 nique
237 3576 271 3627 ob
282 3578 438 3641 singularem
448 3578 539 3627 Manlii
550 3578 577 3626 in
585 3593 613 3626 oe
625 3593 678 3627 mu·
718 3578 751 3627 dc
763 3578 839 3628 rebus
848 3576 987 3627 materiis.

149 3649 317 3716 micantium,
334 3652 472 3716 plurimum
491 3653 527 3701 illi
539 3667 566 3702 oo
581 3652 678 3703 debere
750 3659 782 3704 12
798 3653 910 3717 Hoopito'o
917 3653 1030 3719 mmm]
1043 3651 1167 3703 Officium
1175 3666 1246 3702 nem·

149 3726 255 3791 tutetur,
264 3726 340 3791 eique
348 3726 434 3778 fausta
444 3726 584 3792 feliciaque
594 3728 680 3778 omniu
720 3745 753 3794 pe
765 3729 835 3795 quod
846 3730 939 3792 hospeo
950 3735 1009 3778 tono
1021 3728 1107 3779 iactus
1119 3733 1244 3790 praetore

149 3815 166 3849 a
176 3801 232 3850 Diio
244 3801 431 3852 immortalibuo
443 3809 574 3866 precatur.
720 3811 818 3854 teneor.
843 3804 964 3870 Namque
983 3804 1095 3853 Manlius
1114 3801 1244 3852 Catullum

179 3874 368 3939 2Epiotoliom]
397 3875 509 3926 Parrum
534 3875 679 3938 epistolam,
718 3878 1004 3942 hospitiounoceperut.

148 3949 199 4012 ‘quo
210 3948 267 3999 iere
286 3951 362 4000 modo
373 3951 441 4001 dixit
457 3952 586 4001 Pacuvius
603 3952 678 4014 ‘pro·
752 3958 783 4004 14
799 3953 871 4002 Dono
888 3952 967 4014 teoto]
985 3951 1106 4002 carmina
1121 3948 1246 4011 intelligit

147 4024 261 4088 logium?
295 4024 344 4075 Eut
363 4034 449 4076 autern
465 4027 575 4090 epistola
591 4025 678 4075 media
717 4030 898 4090 consolatoria,
925 4035 953 4075 et
974 4024 1111 4075 amatorios
1136 4022 1247 4088 libellou,

148 4112 207 4162 poro
218 4100 327 4166 dialogi,
336 4103 378 4154 cni
389 4103 411 4153 oi
428 4116 578 4167 responsum
596 4099 677 4152 fuerit
717 4118 780 4168 quor
792 4103 905 4154 Mundus
913 4100 1035 4166 petierat.
