2774 4702
541 345 697 394 GARMEN
722 347 755 394 V.

227 492 325 557 Soles
340 490 491 555 occidere
503 496 536 555 et
551 490 655 554 redire
670 493 829 572 possunt:

228 592 351 671 Nabla,
366 611 441 656 cum
456 591 557 656 semel
572 589 697 655 occidit
709 591 820 654 brevis
834 590 907 669 lux,

227 695 312 760 Nox
326 699 378 758 est
392 698 553 776 perpetua
565 712 635 757 una
648 692 851 757 dormienda.

226 797 283 862 De
297 797 343 860 mi
356 796 456 860 basia
470 796 569 874 mille,
582 794 702 859 deinde
717 801 863 873 centum,

227 899 316 964 Dein
330 897 419 960 mille
435 897 550 975 altera,
567 897 645 961 dein
660 881 810 961 secanda
823 900 967 972 centum,

227 1001 316 1066 Dein
329 1019 436 1083 usque
450 1000 553 1063 altera
567 999 669 1077 mille,
683 998 804 1063 deinde
819 1006 971 1063 centum:

226 1101 325 1177 Dein,
339 1121 415 1165 cum
429 1100 535 1164 millia
548 1101 653 1166 multa
666 1101 852 1176 secerimua

226 1202 507 1267 Conturbabimus
521 1203 590 1280 illa,
610 1222 651 1266 ne
665 1204 822 1279 sciamus,

224 1301 298 1367 Aut
313 1293 443 1387 nequis
455 1304 565 1366 melus
577 1302 724 1368 invidere
738 1304 860 1387 possit,

226 1404 311 1468 Cum
326 1409 454 1472 tantum
465 1405 551 1469 sciat
564 1423 641 1469 esse
656 1405 836 1470 basiorum.

92 1602 216 1653 maana
236 1602 367 1652 autumn
392 1603 557 1653 austeriorum.
590 1603 652 1653 Dtea
669 1604 773 1653 occidere
792 1608 889 1667 queunt,
907 1609 931 1653 et
949 1617 1087 1666 resurgere:
1104 1609 1196 1667 quando

93 1682 157 1718 vero
175 1672 245 1717 tenue
261 1669 339 1717 huten
353 1668 420 1717 notia
440 1669 510 1717 tenet
526 1668 685 1730 extinguitur,
700 1684 748 1718 non
763 1673 853 1717 aterno
869 1668 934 1717 notia
948 1673 983 1717 eat
994 1683 1040 1717 uno
1050 1670 1195 1720 dortniendo.

91 1731 180 1780 Proete
197 1731 257 1780 uniti
265 1731 329 1781 anille
344 1733 430 1794 naun,
444 1747 500 1781 rnox
515 1737 607 1782 centum
617 1733 673 1795 atio,
689 1737 740 1782 tum
751 1733 999 1795 inuitamenta
1010 1736 1101 1782 centurn
1111 1737 1198 1796 odero,

93 1810 176 1844 rurrut
187 1796 252 1845 mitte
262 1796 320 1857 aiio,
338 1811 366 1845 oo
385 1811 467 1846 rursus
477 1801 568 1846 tantun
576 1797 633 1847 otia.
665 1797 754 1847 Porteo
765 1811 818 1846 aero
826 1811 896 1859 quarn
903 1799 973 1860 pluro
983 1797 1059 1846 nttllia
1066 1797 1197 1858 agitaveri-

95 1876 157 1920 mue,
176 1860 403 1922 confundentium,
414 1866 440 1909 ut
451 1859 499 1924 inei
516 1861 650 1922 ignoremus
669 1870 733 1925 quot
743 1860 858 1922 fuerint3
874 1867 916 1911 out
936 1877 966 1911 ne
984 1861 1197 1927 improtutatiquio

93 1925 202 1974 innidere
211 1930 291 1988 queo,
298 1926 320 1974 ai
328 1931 377 1975 tom
387 1925 462 1975 marito
472 1925 563 1975 merit
573 1940 621 1974 eure
628 1927 714 1974 oxum.

557 2053 733 2073 mmo

125 2139 141 2184 8
159 2134 333 2184 Noutraleet.
346 2141 430 2184 estex
447 2134 549 2184 emend.
568 2135 635 2184 Stat.
655 2133 736 2198 quiin
758 2135 834 2184 codd.
854 2136 905 2185 auia
923 2136 1031 2196 invenlt,
1046 2137 1111 2185 Dein
1131 2137 1196 2187 inille

92 2201 179 2260 atero,
199 2199 284 2248 ddnde
303 2202 404 2248 necundo
425 2204 532 2248 aarum:
548 2197 607 2248 edd.
628 2202 694 2248 dett.
711 2199 818 2261 liabent,
835 2201 886 2260 rel,
907 2199 972 2250 Dein
990 2201 1054 2249 inille
1063 2203 1147 2261 otera,
1164 2203 1197 2250 do

91 2266 194 2314 ucundo
204 2279 226 2312 c.
240 2271 268 2313 ot
279 2264 305 2311 in
315 2265 392 2313 Cant.
404 2264 454 2325 vel,
466 2263 534 2311 Dein
544 2262 577 2312 mi
587 2264 673 2322 allero,
689 2265 721 2311 do
730 2279 750 2313 a.
767 2281 788 2312 r.
798 2271 827 2313 ut
837 2266 862 2314 in
872 2266 953 2327 Rlng.
966 2270 993 2314 et
1004 2266 1078 2314 Vota.
1090 2265 1117 2313 ll.
1129 2278 1194 2314 unita

92 2328 153 2377 cod.
164 2329 255 2390 habet,
269 2327 334 2377 Dein
343 2329 420 2377 adera
431 2327 464 2376 mi
484 2328 515 2375 do
533 2341 554 2376 a.
566 2330 637 2376 c.—9
652 2328 719 2377 Stat.
732 2328 809 2378 codd.
824 2329 947 2378 exhibent
958 2328 1052 2378 Deinde
1061 2343 1143 2393 aeque,
1152 2332 1193 2392 iso.

94 2392 161 2441 utin
174 2393 251 2442 Cant.
264 2393 346 2442 ceteri
357 2405 445 2443 omnes
457 2391 596 2442 Dein-lo
613 2391 705 2442 Helas.
719 2392 961 2460 legaretjixerirnut.

588 2539 696 2591 Nom

86 2653 214 2719 jucundis
227 2653 286 2702 vive
308 2653 415 2703 bentua:
437 2653 506 2703 Vive
526 2666 624 2702 memor
665 2653 752 2716 lepide
762 2667 831 2701 more
843 2667 905 2701 auo:
923 2652 1009 2701 ‘Nolo
1021 2651 1088 2715 qnod
1102 2659 1195 2715 arguto

91 2745 171 2796 quam
181 2729 216 2778 ais
228 2728 279 2777 aevi
292 2725 396 2788 brevia,’
413 2727 461 2787 aa.
665 2727 739 2775 dedit
750 2732 856 2775 exorata
866 2727 968 2776 Catullo
979 2726 1089 2788 Letbla3
1112 2743 1196 2792 pauca

126 2805 186 2855 Meu
200 2802 298 2866 Lentia]
330 2801 385 2852 Sub
402 2801 505 2850 nomine
525 2798 624 2848 Leabiae
665 2801 802 2867 caplt‚qui
818 2805 1070 2869 numerarepotett!
1101 2807 1196 2857 Fateri-

92 2880 211 2931 Ciodiam
222 2880 332 2929 amicam
351 2877 468 2928 celebrat
488 2876 624 2936 Catullut3
664 2894 716 2927 mue
725 2878 893 2942 penultimam
901 2880 1100 2947 syllabam,quae
1108 2883 1195 2934 brevia
1207 2868 1218 2882 ”

91 2962 122 3007 nt
135 2957 240 3006 Deliam
251 2955 370 3004 Tibullut
382 2969 428 3018 pro
444 2952 547 3015 Pionia,
560 2952 625 3000 Pro·
665 2959 714 3016 eat,
725 2954 850 3018 produxit
862 2954 956 3018 Poeta,
967 2955 1036 3006 aient
1051 2963 1079 3007 et
1096 2959 1194 3009 Ennius
1263 3008 1267 3016 ,

91 3033 192 3094 penius
205 3045 253 3094 pro
265 3029 359 3078 Hostia
369 3042 415 3077 aen
425 3026 539 3079 Hostilia
556 3027 639 3090 Cyn·¹
665 3029 835 3093 penultimam
863 3031 1004 3081 ‘dederitis
1013 3033 1028 3093 ;’
1053 3033 1135 3083 ‘Non
1158 3038 1193 3086 mi

91 3108 175 3157 thium
186 3107 360 3175 illustrarunt
665 3123 755 3159 auram
764 3123 852 3172 posco,
862 3122 911 3157 non
920 3108 981 3156 mihi
992 3108 1103 3170 pretium
1115 3111 1194 3162 dede·

125 3178 397 3244 6Noxeatpemrtuo]
422 3177 624 3228 Mollemintel·
665 3185 740 3235 titia?
771 3184 848 3237 Quod
859 3184 973 3234 imitatur
982 3185 1194 3241 ettetiamOuid.

90 3262 159 3326 figit,
177 3276 255 3326 qaam
272 3261 350 3311 ovid.
370 3262 502 3323 comparat
519 3271 624 3307 somno:
665 3261 710 3311 lib.
729 3275 766 3310 tv.
788 3275 821 3310 ex
842 3261 937 3322 Ponto,
953 3262 1009 3311 ‘Et
1027 3263 1104 3312 metit
1126 3264 1193 3314 lonii

90 3342 99 3366 ‘
112 3338 211 3399 Stulte,
223 3335 286 3401 qnid
298 3340 338 3385 est
349 3348 462 3396 somnus,
473 3332 565 3397 gelida
578 3332 626 3382 nisi
666 3335 820 3386 transieritis
831 3336 928 3400 aquas!

91 3415 186 3464 mertia
213 3413 318 3476 imago?
358 3412 448 3475 Longa
474 3408 625 3474 quiescendi
700 3418 729 3462 ll
753 3411 961 3475 contutabimus]
995 3413 1104 3464 Invidiae
1122 3430 1194 3481 mag.

91 3499 214 3553 tempora
224 3487 281 3537 l‘ata
291 3486 410 3537 dabunt!
432 3485 508 3536 Unde
517 3485 625 3549 etVlrg.
665 3502 725 3538 nam
737 3487 789 3536 vim
801 3486 834 3536 ad
850 3487 994 3537 nocendum
1008 3489 1108 3555 antiqui
1118 3500 1193 3556 puta·

89 3567 97 3594 ⁴
110 3566 143 3615 ln
155 3571 283 3616 aternam
293 3562 449 3613 clauduntur
458 3560 554 3612 lumina
564 3575 625 3610 noc·
664 3563 738 3626 bant,
749 3578 809 3614 oum
818 3578 876 3613 eam
884 3564 939 3612 tola
948 3565 1090 3628 voluntate,
1098 3574 1125 3617 et
1137 3568 1193 3633 ipso

92 3640 164 3690 tem!
206 3639 330 3702 Propert.
347 3637 440 3688 eodem
457 3636 513 3687 tera
530 3636 624 3687 modo:
665 3636 754 3688 affiatu
772 3645 800 3689 et
830 3639 983 3702 contagione
1001 3641 1143 3692 maleficam
1166 3649 1194 3694 et

90 3717 184 3764 ‘Dum
203 3728 250 3763 noe
260 3711 324 3770 ,sata
340 3712 534 3774 tintinnaculos
548 3712 625 3762 autie-
665 3721 820 3765 venenatam
839 3729 896 3765 etse
913 3726 1065 3778 censerent3
1086 3732 1143 3766 eam
1155 3726 1194 3767 ta-

91 3804 149 3839 mut
158 3798 261 3853 amore:
273 3789 333 3839 Nox
343 3788 393 3838 tibi
401 3789 476 3852 longa
486 3788 568 3852 venit,
575 3802 624 3839 nec
644 3797 646 3802 “
664 3807 723 3842 men
743 3793 793 3843 vitn
810 3793 910 3842 irritam
926 3805 982 3840 eata
999 3793 1195 3856 existimabant,

91 3864 212 3914 reditura
222 3862 296 3914 diet!
665 3867 713 3917 niti
725 3867 769 3917 illa
785 3882 839 3918 tem
850 3874 958 3928 certam,
970 3871 997 3915 et
1007 3882 1115 3917 numero
1126 3882 1193 3918 oom-

126 3945 158 3990 1⁰
169 3940 318 3990 Gumtnillio
328 3937 547 4002 muitafaoertmur]
566 3939 623 3989 Etsi
663 3943 815 4006 prehensam
843 3946 959 3993 teneret:
987 3941 1047 3990 hino
1074 3942 1193 3995 Catnllna

91 4034 151 4084 quae
160 4018 230 4082 petit
240 4017 388 4068 beaiabene
399 4017 481 4066 multa
491 4023 561 4073 suot,
573 4031 624 4066 non
663 4017 737 4067 batia
746 4019 892 4080 conturbat,
907 4031 940 4066 ne
960 4017 1015 4080 quia
1033 4018 1134 4071 invidet
1150 4037 1193 4074 ea.

91 4093 225 4146 sufficiant
237 4104 324 4144 tamen
335 4092 462 4159 Martiali,
478 4094 522 4158 qui
543 4093 575 4143 de
585 4094 625 4144 hit
664 4087 720 4145 ru'm
730 4108 863 4145 numerum
873 4098 1052 4156 cognosceret.
