2774 4702
593 319 801 370 ianuario.
1224 305 1246 368 7

69 469 74 477 ’
139 467 273 541 eantur.
316 459 408 528 Nam
421 481 494 550 non
506 462 617 528 solum
639 464 888 531 emendationes
908 463 1047 529 exbibet
1061 462 1182 549 partim
1196 462 1250 529 in·

138 566 312 651 geniosss,
336 562 397 631 sed
421 565 525 630 etiarn
549 564 705 632 codicum
728 566 923 634 lectionem:
955 565 1130 631 Palladius
1154 565 1243 630 eninr

139 685 230 732 uses
241 671 298 732 est
311 665 427 732 decem
448 667 624 735 codicibus
637 667 732 754 (vide
747 687 824 732 eum
839 667 882 732 ad
894 665 1004 732 carm.
1019 680 1163 731 xxxiv.
1185 663 1247 751 3.).

142 769 287 847 Tamen,
301 767 391 852 quod
405 769 505 834 vaide
519 771 631 849 miror,
654 771 851 835 recentiores
876 768 1021 834 editores
1044 767 1246 833 commenta·

139 869 230 936 sium
255 871 352 937 illum
380 870 479 954 piane
506 870 731 954 neglexerunt,
759 872 863 936 immo
885 890 926 934 ne
951 869 1090 952 dignum
1113 869 1245 954 quidem

139 972 334 1060 cognitione
347 972 584 1039 existimarunt
626 973 763 1038 Veneta
779 976 894 1039 autem
905 971 985 1036 anni
1000 969 1097 1036 1500.
1113 989 1160 1036 ex
1174 969 1244 1036 Ve-

136 1078 224 1140 uctt
239 1074 342 1149 14811·
351 1074 449 1138 1491.
464 1075 564 1140 1490.
591 1075 772 1159 descripta,
788 1074 905 1140 ultima
918 1077 972 1140 est
985 1091 1030 1138 ex
1044 1071 1247 1138 editionibus

139 1174 200 1254 iis,
214 1192 307 1258 quse,
321 1181 442 1259 praeter
457 1174 605 1253 codices,
631 1177 877 1255 auctoritatem,
900 1190 965 1263 pro
980 1194 1044 1240 sua
1058 1172 1245 1240 conditione

140 1276 303 1360 majorem
317 1277 371 1348 vei
384 1276 556 1355 minorem,
570 1276 695 1342 babent
706 1279 741 1343 in
755 1276 948 1362 recipienda
964 1275 1020 1342 vel
1038 1274 1247 1360 repudianda

139 1375 339 1441 Geminum
357 1375 509 1441 lectione.
553 1374 601 1443 At
615 1374 684 1461 quo
707 1378 896 1463 diligentius
920 1377 1245 1454 commentariorum,

138 1496 232 1561 quos
253 1477 522 1556 commemoravi,
549 1481 703 1545 auctores
728 1498 796 1544 rem
822 1498 918 1543 suam
940 1483 1178 1555 tractaverant,
1202 1495 1245 1542 eo

137 1579 248 1643 levius
263 1568 537 1643 administrarr'rnt
551 1579 621 1655 alii,
637 1580 696 1663 qui
721 1579 843 1645 exinde
859 1578 983 1644 Catulli
1005 1579 1170 1644 editiones
1185 1596 1245 1661 pa-

135 1685 265 1746 rarunt
321 1679 419 1746 Talis
449 1680 502 1744 vir
530 1685 602 1745 erat
632 1680 898 1747 Hrnaoarrrus
929 1677 1145 1757 Arsanus,
1178 1698 1246 1744 non

140 1780 321 1847 mediocris
335 1781 474 1864 ingenii,
490 1781 551 1846 sed
566 1780 685 1846 audax
709 1788 745 1846 et
768 1783 866 1847 nimis
880 1784 978 1863 levis,
993 1781 1165 1847 Parthenii
1178 1781 1248 1845 dis·

141 1882 292 1966 cipuius,
311 1887 357 1960 et,
370 1888 409 1948 ut
432 1883 586 1960 arbitror,
609 1901 697 1947 unus
721 1902 847 1962 eorum,
861 1904 883 1948 a
897 1884 1024 1968 quibus
1041 1883 1244 1949 Parthenius

139 1983 226 2049 dicit
233 1985 458 2049 enarrationes
474 2001 554 2048 suas
576 1983 688 2068 inique
713 1986 916 2068 interceptas
935 2004 1022 2051 esse.
1067 1985 1148 2068 Ipse
1165 2005 1244 2050 vero

138 2083 310 2151 Aventius
333 2083 465 2162 fatetur,
491 2104 528 2149 se
553 2104 613 2169 per
637 2086 815 2151 triennium
838 2088 902 2151 sub
925 2086 1107 2152 Parthenio
1121 2087 1156 2149 in
1171 2088 1244 2152 baec

137 2184 255 2250 studia
282 2185 485 2252 incubuisse.
538 2185 748 2272 Conscripsit
778 2186 1028 2253 emendationes
1058 2189 1093 2251 in
1121 2187 1245 2253 Catuiii

138 2283 309 2365 carmina,
339 2306 370 2352 a.
393 2287 491 2352 1494.
514 2286 624 2352 editas
652 2307 675 2351 a
701 2288 870 2366 Moravio,
895 2289 1056 2371 repetitas
1090 2289 1125 2352 in
1162 2289 1242 2355 edit.

137 2384 265 2451 Venet
277 2388 375 2453 1500.
391 2407 476 2472 quas
491 2393 685 2455 tamennon
699 2409 815 2454 omnes
828 2389 893 2453 sibi
909 2389 1023 2453 debuit
1036 2398 1168 2468 auctor,
1183 2393 1243 2456 sed

136 2489 264 2570 partim
278 2489 433 2554 Palladio
448 2489 520 2573 (qui
536 2490 634 2556 1483.
657 2498 809 2556 mortuus
823 2488 902 2575 est),
917 2491 1038 2574 partim
1054 2491 1130 2555 aliis
1143 2492 1245 2557 surri-

137 2590 256 2673 puisse
282 2589 423 2656 videtur.
467 2590 571 2668 Quod
592 2593 626 2658 si
646 2613 709 2658 sex
728 2593 782 2657 vei
805 2599 935 2676 septem
957 2590 1053 2656 iocos
1075 2593 1241 2674 excipias,

137 2689 286 2773 reliquos
301 2708 418 2753 omnes
433 2710 478 2753 ex
493 2692 629 2772 ingenio
651 2692 858 2773 emendavit3
881 2693 916 2756 in
932 2690 999 2754 iliis
1014 2691 1134 2773 paucis
1149 2693 1243 2758 codi-

136 2790 192 2855 cis
212 2787 408 2873 antiquioris
432 2790 632 2855 mentionem
658 2791 760 2872 facit3
792 2793 827 2854 in
851 2790 904 2853 his
927 2791 1134 2876 conjecturas
1160 2811 1241 2859 suas

137 2897 236 2957 namt
257 2890 354 2973 signo
376 2890 398 2954 i.
424 2889 478 2955 vel
493 2891 604 2956 verbis
626 2892 734 2976 ‘quid
756 2893 785 2957 si
807 2891 955 2974 legeres?
1000 2891 1108 2956 Haud
1121 2894 1240 2959 mirum

136 2991 222 3059 mihi
232 2991 365 3058 videtur
380 2992 588 3077 conjecturas
602 2995 725 3077 partim
749 2994 893 3077 ineptas,
910 2992 1030 3076 partim
1044 3011 1110 3056 non
1124 3012 1240 3060 neces,-

138 3094 248 3159 sarias
263 3094 307 3158 ab
322 3090 475 3157 Avantio
496 3095 707 3177 excogitatas
728 3112 825 3174 esse;
848 3092 909 3157 sed
923 3093 1158 3170 miserandum,
1181 3113 1239 3159 eas
1278 3091 1281 3098 '

138 3196 182 3260 ab
197 3193 395 3272 editoribus,
411 3194 521 3278 iisque
537 3197 785 3274 recentioribus,
805 3202 965 3279 tauquam
979 3176 1238 3260 codicis‘lectio-

137 3315 201 3361 aas
224 3300 376 3378 receptas
399 3294 454 3359 vei
474 3297 637 3379 probatas
658 3315 746 3362 esse.
790 3296 835 3362 Et
855 3298 903 3361 ita
923 3295 1046 3360 factum
1067 3301 1137 3376 est;
1159 3316 1238 3362 nam

138 3395 301 3462 Aldinam
315 3395 493 3463 editionem
510 3397 653 3481 primam
666 3397 797 3465 codicis
815 3399 921 3463 instar
944 3396 1089 3479 allegare
1115 3397 1237 3463 solent.

138 3498 229 3565 Haec
242 3516 321 3562 vero
335 3497 450 3576 editio,
471 3497 704 3583 nesciocuius
725 3518 815 3577 cura,
840 3497 900 3562 sed
925 3497 1078 3581 suspicor
1099 3496 1180 3563 Aidi
1202 3505 1236 3565 et

137 3597 570 3677 Avantii,Venetiis1502.
586 3600 690 3680 edita,
712 3599 848 3666 fundum
869 3598 971 3665 habet
983 3599 1020 3663 in
1033 3599 1235 3666 editionibus

137 3699 286 3784 antiquis
301 3701 433 3766 collatis
442 3701 525 3790 (nou
537 3703 570 3767 in
588 3703 662 3768 sola
671 3702 817 3769 editione
832 3703 910 3768 anni
926 3702 1021 3766 1500.
1032 3701 1237 3789 utHeynius

136 3802 256 3882 dixit);
279 3806 315 3866 at
329 3801 363 3866 in
378 3821 453 3868 eam
466 3810 612 3889 receptae
636 3808 713 3870 sunt
729 3803 999 3888 interpolationes
1012 3809 1046 3868 et
1061 3803 1237 3867 correctio-

135 3922 196 3968 nes
211 3900 362 3982 Avautii,
377 3903 400 3968 J
402 3906 513 3970 oriani
526 3905 682 3984 Pontani,
697 3913 730 3972 et
744 3905 898 3982 aliorum,
911 3904 1094 3968 maximam
1108 3907 1235 3984 partem

136 4002 311 4074 asteriscis
335 4010 469 4071 notatae.
525 4005 692 4071 oodieem
712 4005 896 4082 adhibitum
925 4023 1011 4082 esse,
1039 4002 1130 4068 nullo
1158 4004 1235 4070 ioco

136 4104 232 4189 potui
254 4104 456 4189 intelligere,
487 4125 549 4172 nec
575 4103 729 4191 co'gnovi,
744 4107 833 4192 quod
855 4105 1010 4195 Heynius
1032 4101 1075 4170 de
1098 4104 1234 4172 'libello
