2774 4702
523 313 681 364 oannnn
706 276 863 365 uxxvn.
1179 295 1244 364 lta

316 454 433 522 Sinon
446 456 631 541 illepidum,
644 475 752 543 noque
767 457 979 537 invenustam
991 464 1055 524 est.

317 556 365 625 At
377 578 441 624 vos
454 559 586 624 interea
597 559 706 624 venito
718 559 754 623 in
767 559 888 641 iguem,

316 658 413 724 Pleni
426 659 514 723 ruris
528 664 562 724 et
574 659 802 739 inficetiarum,

316 758 467 825 Annales
480 760 615 840 Volusi,
629 767 748 827 cecata
762 761 888 826 charta
1199 763 1246 827 20

136 932 175 979 eat
183 927 349 976 adeamne
358 925 524 987 injmuudum:
540 941 579 975 roa
589 924 778 988 igiwAnanler
792 926 892 991 Volatii,
900 941 1004 992 papyrus
1017 927 1077 977 oleto
1088 925 1194 991 sudata,
1207 941 1245 976 ra-

132 991 200 1052 serti
210 991 345 1040 nutioitmr
354 995 379 1040 et
388 991 493 1055 ineptiis,
500 991 603 1065 ondita
614 991 765 1054 inflammor.

608 1116 788 1138 ΜΝΝΜΙΝ

140 1204 176 1250 la
193 1198 266 1248 Pleni
274 1197 441 1249 turirinedd.
453 1204 520 1248 vett.
532 1198 626 1249 etood.
637 1197 706 1248 Suel.
734 1197 868 1249 Palladios
876 1197 950 1249 dedit
959 1197 1065 1248 rariter
1077 1197 1161 1264 antiq.
1169 1197 1246 1252 codd.

113 1306 117 1313 .
141 1270 171 1314 et
183 1263 221 1314 aio
234 1264 303 1327 conj.
314 1263 425 1314 Statius.

644 1341 752 1394 NO'l'AE

176 1459 210 1504 ln
228 1455 299 1504 Pleni
309 1454 387 1517 roris]
403 1455 455 1505 Hic
473 1455 560 1506 Poeta
576 1468 678 1517 turpio
719 1454 844 1504 darentur
854 1453 955 1505 emtori.
983 1451 1060 1504 Unde
1072 1453 1246 1504 Horat.‘De·

138 1528 294 1579 rusticitate
319 1529 416 1593 poenit,
444 1536 474 1579 nt
495 1543 576 1593 rupta
602 1528 679 1590 dixit,
719 1529 790 1579 ferar
807 1530 833 1578 in
854 1531 940 1580 vicum
962 1528 1118 1580 vendentem
1139 1529 1198 1578 tbua
1220 1535 1249 1579 et

136 1603 240 1653 ‘Idan
261 1603 369 1654 inficeto
390 1610 432 1654 eat
448 1602 578 1656 inficetior
599 1601 678 1652 rure!
719 1603 830 1655 odores!
862 1603 981 1654 Martini.
1004 1605 1057 1655 ‘Et
1074 1603 1157 1655 thnria
1174 1603 1249 1668 pipa-

141 1678 199 1729 Alit
209 1679 310 1744 legant,
318 1680 396 1730 atrro
406 1695 452 1730 aen
464 1680 535 1744 turia,
543 1679 612 1746 quod
623 1679 679 1728 vili·
720 1681 808 1746 risque
819 1680 854 1731 ais
865 1679 998 1731 cucullae?

141 1753 233 1804 oribus
244 1753 343 1806 chartis
358 1755 416 1804 thna
426 1762 455 1806 at
466 1755 560 1806 odorea
569 1754 679 1805 involuti

575 1950 828 1962 ——-——-·

479 2105 686 2173 CARMEN
710 2104 921 2172 XXXVII.

496 2274 548 2322 AD
563 2274 901 2324 commelinianae.

279 2407 413 2474 Sanax
429 2411 575 2488 taberna,
590 2428 716 2494 vosque
731 2405 992 2484 contubernales,

281 2511 316 2574 A
330 2510 468 2593 pileatis
482 2531 569 2576 nona
583 2511 745 2576 iratribus
760 2512 841 2594 pila,

281 2610 371 2676 Solia
385 2613 510 2695 putatis
524 2631 599 2677 esse
614 2611 778 2676 mentulas
792 2608 916 2674 vobisl

283 2708 375 2774 Solis
389 2711 491 2773 licere
506 2710 665 2793 quioquid
680 2715 733 2771 est
746 2707 930 2791 puellarum

283 2807 501 2887 Consntuero,
517 2805 975 2894 etpntareceteroshircosl
1233 2809 1256 2873 5

181 2956 207 3007 0
219 2914 319 3006 taberna
332 2954 466 3018 libidiuoao,
476 2958 499 3004 et
511 2969 560 3017 ooa,
571 2968 586 3003 o
597 2955 697 3018 rodalca
706 2969 768 3004 noan
777 2954 882 3004 columna
893 2960 948 3019 poet
959 2953 1054 3014 fratrer
1068 2953 1178 3017 pineo.
1200 2952 1216 2982 '³
1239 2949 1255 2980 ⁶

619 3081 795 3102 ΝΜΟ

183 3169 198 3214 ὅ
218 3162 300 3213 Hono
311 3175 415 3212 reranm
426 3177 477 3212 non
488 3176 504 3212 a
515 3162 619 3213 Catullo
631 3160 817 3226 couscriptum,
829 3161 875 3212 aed
887 3163 928 3212 vel
941 3160 974 3211 ab
985 3162 1129 3226 antiquiore
1141 3161 1255 3224 interpo-

137 3228 250 3303 ⁵latore,
261 3227 303 3278 vel
313 3241 329 3277 a
339 3228 439 3278 lectore
447 3226 532 3292 aliquo
541 3226 679 3277 libidinoso
696 3227 824 3291 adjectum
835 3240 902 3291 aare,
909 3225 1086 3275 arbitrabatur
1094 3226 1256 3276 blandina·
1298 3290 1301 3295 Ι

653 3368 760 3420 NOTAE

142 3518 145 3523 .
182 3479 341 3543 traberna]
365 3480 491 3531 Taberna
520 3483 608 3531 Romu
636 3495 686 3547 per
724 3481 843 3546 suerunt,
860 3482 953 3548 quibua
968 3483 1064 3549 pilentis
1074 3482 1185 3534 militare
1200 3497 1255 3534 moa
1291 3517 1294 3521 -

148 3558 217 3625 pilea
237 3556 451 3621 designabantur,
468 3571 527 3607 nam
538 3558 633 3622 coique
644 3564 685 3608 ta·
724 3557 786 3609 init.
818 3558 919 3610 Horum
936 3560 1063 3624 templum
1080 3558 1131 3610 snit
1151 3562 1179 3610 in
1197 3558 1255 3609 soro

141 3635 242 3687 barne
261 3646 308 3683 aua
325 3633 380 3697 pila
400 3632 598 3698 opponebatur5
624 3634 685 3685 hinc
725 3633 854 3685 adlaoum
872 3635 1024 3700 Juturnaaa
1036 3635 1145 3686 Oratore
1157 3642 1256 3686 tantum

148 3723 198 3774 per
215 3709 284 3774 piiaa
302 3709 421 3759 tabernae
432 3710 645 3775 numerabantur,
655 3717 686 3761 nt
725 3713 852 3762 nominari
864 3713 983 3774 aolitnm3
1006 3712 1056 3762 etri
1066 3720 1120 3762 tnm
1130 3711 1190 3776 ipsi,
1201 3716 1257 3759 tuna

144 3787 201 3837 -laoe
219 3787 279 3836 loon
296 3786 425 3849 catullus,
444 3787 488 3851 qui
498 3788 541 3838 hic
553 3788 684 3853 signifieat
725 3787 826 3838 Polluci
835 3801 934 3839 aaornm
947 3794 1013 3838 erat.

151 3861 550 3919 uonamtabernamaCaatoria
562 3865 670 3928 templo.
758 3862 854 3912 bSolia
865 3865 958 3926 putatia
976 3877 1025 3912 erae
1045 3862 1160 3910 meatulm
1180 3856 1256 3920 oolla]

182 3941 200 3986 2
215 3935 344 4000 apuam
354 3952 416 3987 nouo
426 3937 550 3999 fratribus
559 3938 623 4003 pilu]
641 3937 686 3988 Pi·
726 3939 779 3987 Voa
791 3944 892 3988 tantum
903 3935 1039 3989 mentulati
1050 3949 1104 3984 eane
1115 3933 1241 3985 creditis?

148 4010 220 4061 -laati
236 4009 332 4062 fratrea
343 4020 419 4063 erant
430 4014 524 4067 Cantor
541 4021 569 4064 et
580 4013 686 4075 Pollux,
759 4018 775 4063 4
794 4014 913 4078 Quicquid
932 4017 966 4062 eat
982 4009 1126 4075 puellarum]
1151 4008 1184 4059 In
1206 4015 1257 4074 eat,

155 4084 199 4148 qni
209 4085 301 4137 Romae
317 4086 411 4139 babitu
429 4089 560 4140 Laconico
572 4089 687 4139 dedicati
727 4103 816 4138 omnaa
827 4089 936 4152 puellae.

157 4157 267 4225 inerant,
285 4161 362 4227 pileia
378 4163 452 4235 teeti.
484 4165 602 4217 Lacones
617 4165 686 4217 enim
761 4170 776 4214 5
795 4161 949 4226 constituere]
967 4159 1050 4212 Simul
1067 4174 1126 4212 eom
1137 4161 1188 4213 illia
1199 4174 1254 4213 rem

216 4240 307 4306 Delpb.
319 4242 415 4294 erre.
429 4243 494 4293 Glua
678 4243 758 4294 catal.
1163 4242 1191 4291 H

1261 4304 1367 4434 Ι·
