2774 4702
571 294 729 343 CARMBN
755 295 835 343 nxl.

363 434 566 514 concubine,
581 437 682 502 bodie
696 444 796 522 atque
811 438 897 503 beri:

365 537 465 600 Nunc
481 541 574 600 tuum
590 539 773 607 cinerarius

363 637 500 701 Tondet
514 658 562 704 os.
608 640 725 718 Miser,
741 641 785 704 ah
798 641 898 704 miser

407 737 614 818 Concubine,
630 760 734 807 nuces
749 741 802 807 da.

362 841 498 904 Diceris
512 843 599 906 male
613 850 648 906 te
665 863 686 907 a
700 844 766 908 tuis

363 941 578 1022 Unguentate
593 944 719 1025 glabris
733 942 851 1005 marite
943 1014 946 1029 Ι

361 1041 557 1108 Abstinere:
581 1044 642 1108 sed
657 1044 798 1108 abstine.

143 1189 197 1246 die,-
216 1186 272 1249 jam
287 1188 333 1237 tibi
350 1193 430 1238 tonsor
449 1190 543 1240 abradit
566 1190 678 1241 barbam:
701 1207 718 1240 o
739 1188 845 1250 infelix!
871 1190 903 1239 alr
920 1189 1008 1250 infelix
1027 1190 1136 1240 nunde!
1164 1205 1250 1253 sparge

143 1268 219 1303 sacen
252 1254 346 1302 Ferant
355 1258 387 1310 te,
398 1260 489 1304 cuncte
500 1255 595 1318 coniux,
604 1271 669 1321 egre
681 1260 811 1320 temperare
822 1255 909 1304 valere
919 1271 935 1304 a
947 1256 995 1304 tuis
1003 1255 1145 1304 inberbibns
1156 1256 1247 1319 pullis:

611 1381 790 1403 W

145 1459 294 1510 Concutiat:
306 1461 333 1508 in
344 1461 426 1523 Rbeg.
438 1461 531 1512 Heins.
541 1469 595 1512 vet.
606 1461 665 1511 cod.
678 1467 706 1510 et
716 1461 768 1511 alio
779 1461 839 1512 cod.
849 1476 892 1525 ap.
912 1462 963 1512 Ed.
975 1463 1052 1512 Cant.
1064 1463 1193 1512 Sordebnnt
1205 1463 1252 1511 tibi

142 1526 230 1574 villice.
255 1524 336 1572 ‘Mihi
348 1526 450 1589 quidem
461 1527 488 1574 in
500 1527 548 1576 boc
561 1541 637 1575 versu
650 1539 751 1586 seraper
761 1534 884 1589 suspecta
891 1524 941 1576 fuit
951 1542 1001 1576 vox
1011 1527 1097 1576 oilttcoe
1104 1529 1146 1576 vel
1157 1527 1234 1575 oittiee
1241 1543 1251 1584 ,·

142 1603 194 1638 non
206 1589 283 1638 rideo
295 1590 363 1638 enim
372 1605 419 1638 cnr
434 1590 593 1640 concubinus
606 1590 689 1653 paulo·
697 1589 752 1650 jam
766 1590 878 1639 adultior
889 1596 917 1639 et
928 1592 1054 1640 cinerario
1067 1606 1126 1640 mox
1143 1590 1252 1639 tonden-

141 1653 190 1702 dus
202 1655 210 1682 ‘
221 1652 330 1703 villicas’
355 1655 485 1717 praecipue
496 1655 676 1712 contemserit,
695 1652 728 1702 ad
741 1669 804 1718 quas
821 1655 933 1704 animum
946 1656 1032 1718 potins
1044 1655 1088 1703 ille
1099 1669 1167 1703 nnnc
1179 1654 1252 1717 adja-

141 1717 208 1766 cisse
220 1716 355 1778 videatur:
366 1731 415 1767 nec
425 1719 486 1766 mihi
498 1719 655 1782 persuadere
665 1731 780 1780 possum,
791 1719 965 1781 concubinum
977 1716 1075 1768 domini
1088 1718 1251 1782 dispensato·

141 1780 1251 1897 {ussit‘lutens:¹“ittttlttttttltlzttl23:53¹:tltlltll·

140 1921 173 1957 no
186 1860 319 1971 videmini,
334 1862 469 1959 Sordebuni¹
476 1909 521 1959 tibi
532 1863 780 1972 Ιἐξιᾶσι,ὀοιιοιὼίιιο
792 1863 932 1973 nicoeni,
951 1863 993 1961 viil
1006 1911 1097 1961 abillo
1111 1911 1251 1976 despectus

138 1973 191 2022 eit?
219 1971 407 2022 Desiderabam
426 1989 516 2024 vocem
528 1975 649 2040 aliquam,
662 1981 768 2038 quae,nt
779 1976 861 2036 magis
880 1977 1051 2039 responderet
1072 1975 1250 2041 sequentibus,

138 2037 267 2098 ‘primam
279 2037 436 2098 lanuginem'
447 2045 560 2088 notaret.
595 2039 655 2088 Non
667 2037 783 2087 dubitavi
796 2039 876 2102 igitur
887 2039 949 2089 leot.
962 2034 1100 2089 corradini
1115 2040 1251 2090 Sordebnrrt

139 2101 186 2149 titt
194 2099 281 2156 ouon,
293 2101 361 2164 quod
370 2102 426 2178 jam
434 2103 461 2150 in
471 2103 544 2152 Gott.
553 2107 577 2151 2.
589 2101 730 2151 exhibitam
747 2102 834 2164 video,
852 2105 878 2152 iu
891 2111 993 2153 textum
1005 2105 1135 2168 recipere.
1148 2106 1156 2132 ‘
1167 2104 1251 2153 Villu·

139 2163 193 2213 lns'
205 2171 249 2213 est
258 2164 439 2214 diminutivum
450 2179 466 2214 a
477 2164 607 2216 ‘villns'’
626 2168 781 2215 Dosa—1³⁷
800 2165 895 2216 Avant.
909 2169 978 2231 conj.
997 2169 1070 2231 bns,
1082 2175 1110 2218 et
1122 2169 1251 2230 interpre·

119 2232 222 2291 tatur,
241 2229 286 2279 ‘et
305 2229 432 2294 ignobiles
452 2238 481 2279 et
498 2231 599 2280 nobiles
619 2229 762 2280 sordebant
781 2230 846 2280 tibi:
864 2231 1028 2294 improbante
1047 2234 1198 2283 Soet-141
1216 2231 1250 2282 In

643 2390 749 2441 NOTAE

138 2507 215 2542 snum
226 2495 377 2545 catamitum
389 2509 497 2559 sponsus
509 2500 585 2545 vocat
597 2495 674 2544 rusti·
715 2494 845 2544 bertatern
858 2495 1035 2558 attingerent:
1062 2501 1090 2545 et
1099 2495 1168 2558 apud
1178 2495 1251 2544 Mar·

138 2582 208 2632 cnm,
224 2569 326 2635 ipsique
344 2570 498 2634 exprobrat,
510 2571 578 2634 qnod
592 2584 676 2633 nuper
715 2571 802 2620 tielenr
814 2572 933 2635 legimus,
945 2571 1013 2634 qnod
1025 2585 1091 2620 nora
1100 2578 1184 2633 nnpta
1198 2571 1250 2634 pri-

137 2643 247 2695 deliciae
258 2644 359 2695 faciens
370 2647 454 2710 ipsum
466 2646 626 2709 despiceret.
714 2660 757 2695 mo
769 2646 811 2696 die
821 2663 871 2712 quo
882 2646 969 2695 mariti
980 2646 1083 2696 domum
1095 2645 1250 2710 ducebatur,

169 2723 220 2779 1⁸⁷
236 2719 317 2770 Hodie
333 2726 403 2784 atque
422 2720 488 2786 iteri]
521 2721 675 2771 Graecorum
715 2722 850 2785 capillatos
878 2721 964 2770 mariti
993 2735 1088 2784 pueros
1110 2719 1248 2771 tonderet:

137 2795 321 2863 estadaginm,
337 2794 443 2859 xtlsnnl
453 2795 547 2860 πρῶηνς
563 2797 673 2852 bocest,
713 2799 864 2848 ‘Tondebit
885 2813 978 2861 pueros
996 2798 1053 2862 jam
1078 2808 1146 2852 nova
1167 2803 1250 2863 nupta

138 2871 300 2933 apertam
669 2927 675 2935 ,
714 2874 790 2924 tuos!
823 2875 889 2924 Post
900 2874 993 2924 initum
1002 2874 1074 2928 enirn
1089 2873 1249 2937 conjugium,

170 2949 220 2995 1⁸8
238 2945 390 3012 canarius]
406 2947 459 3000 Qui
469 2962 539 2997 nunc
548 2953 674 3006 tonsores,
715 2956 743 3000 et
752 2951 857 3000 ductam
867 2964 981 3011 uxorem,
1003 2949 1130 3000 meritorii
1139 2949 1213 3012 pueri
1221 2955 1250 2998 et

137 3022 305 3086 ‘Cincrarii,’
315 3031 342 3073 et
355 3025 362 3053 ¹
374 3023 523 3074 ciniflones’
534 3022 675 3072 Veteribus
715 3025 742 3074 in
752 3025 851 3075 deliciis
860 3026 940 3074 babiti
952 3024 1161 3075 dimittebantur.

137 3097 305 3163 dicebantur,
326 3099 359 3148 ab
375 3098 461 3150 officio
470 3098 676 3149 calamistrortnn
749 3104 797 3150 142
818 3101 979 3164 Unguentnte]
1001 3100 1248 3164 Unguentatnmdl·

140 3174 167 3222 tn
195 3173 286 3223 cinere
314 3172 561 3233 calefaciendornm,
584 3171 676 3235 quibus
716 3177 755 3225 eit
765 3176 877 3237 mollem,
887 3173 1083 3237 effoeminatum,
1094 3180 1122 3223 et
1136 3189 1249 3236 unguen.

138 3247 418 3311 capilloeerispabant.
450 3246 676 3297 DebisitaVarro
716 3250 751 3300 tis
768 3249 921 3299 delibutum.
964 3248 1103 3299 Amatores
1121 3250 1189 3298 enim
1208 3263 1248 3297 so·

118 3322 183 3373 *lila
202 3335 245 3372 nv.
267 3324 302 3372 de
323 3323 398 3388 Ling.
419 3325 477 3374 Lat.
502 3322 676 3383 ‘Calamistri‚
716 3325 771 3374 lent
788 3325 940 3387 plerumque
954 3322 1077 3386 jucundis
1095 3323 1132 3372 nti
1149 3329 1176 3372 et
1190 3337 1250 3394 per·

139 3398 210 3463 qnod
220 3399 261 3448 bis
271 3397 407 3448 calefactis
422 3399 450 3448 in
468 3398 556 3447 cinere
567 3397 675 3461 capillus
715 3398 788 3450 fundi
800 3399 930 3461 odoribus,
941 3405 971 3447 ut
981 3399 1062 3448 malos
1071 3405 1098 3448 et
1107 3411 1200 3462 graves
1207 3411 1249 3448 re·

138 3479 256 3531 ornatur.
295 3473 348 3526 Qui
367 3488 399 3523 ea
416 3473 587 3533 ministrabat,
607 3487 622 3521 a
641 3473 676 3522 ci·
710 3476 811 3540 jiclant.
1126 3470 1136 3511 ’-
1178 3508 1183 3525 .

136 3564 204 3601 nere
214 3548 590 3614 cinerarinsestappellntus!
615 3550 674 3598 Mn·
748 3550 857 3614 Glabris]
891 3549 1002 3600 Glabros
1020 3549 1248 3615 appellat-imber·

136 3626 222 3685 liebre
244 3625 308 3674 illnd
328 3626 433 3676 videtur
454 3626 523 3689 apud
543 3624 674 3690 Antiquos
715 3626 762 3677 bes
778 3633 806 3677 et
824 3625 1027 3690 depilespullos
1053 3633 1081 3676 et
1103 3627 1249 3690 catamitos,

137 3701 319 3764 ministerium,
330 3708 358 3750 nt
370 3701 463 3752 scribit
473 3702 609 3766 Sosipater
626 3703 645 3751 l.
655 3714 674 3751 1.
715 3702 784 3767 quod
796 3709 884 3766 potest
901 3703 942 3752 tel
952 3703 986 3753 ad
998 3709 1104 3754 etatem
1115 3702 1216 3761 referri,
1225 3702 1247 3751 si

137 3776 244 3840 origin.
263 3776 332 3842 qnod
343 3784 371 3827 et
384 3777 469 3827 innuit
482 3777 574 3826 Horat.
584 3791 604 3827 1.
619 3777 674 3826 Sat.
715 3784 805 3826 essent
820 3778 946 3841 juniores,
967 3778 1009 3828 rel
1039 3777 1108 3842 qnod
1129 3791 1158 3826 se
1179 3789 1247 3825 nuce

136 3856 162 3902 2.
172 3853 181 3882 ‘
191 3852 331 3916 Custodes,
340 3854 454 3913 Lectica,
465 3851 617 3916 Ciniflones,
624 3853 675 3902 Pa·
715 3853 879 3918 rebellisque
889 3853 1048 3918 depilarent,
1056 3853 1078 3901 si
1090 3850 1246 3914 grandiores}

138 3927 245 3980 resitue!
714 3927 793 3992 Cujus
806 3929 884 3979 etiam
895 3927 1032 3978 dedecoris
1043 3925 1176 3975 infamiam
1186 3923 1245 3974 suh·

170 4007 220 4066 189
239 4003 328 4054 Tondet
338 4005 376 4069 os]
394 4005 451 4054 Hoc
463 4010 512 4068 est,
521 4004 608 4054 melas:
622 4066 625 4071 Ι
640 4003 673 4052 ln
714 4003 907 4067 timagenes:
931 4010 961 4052 ut
971 4000 1061 4052 scribit
1073 3998 1208 4052 Suetonius
1218 3997 1245 4051 in

136 4080 224 4141 pneris
240 4081 327 4128 tonsio
343 4080 467 4129 indicium
479 4084 537 4128 erat
557 4078 672 4129 emeritae
713 4079 833 4144 Angusto
844 4093 900 4144 cap.
912 4083 953 4127 68.

137 4169 192 4205 sure
205 4154 351 4207 libidinosa
362 4157 474 4218 militia,
485 4154 615 4221 quodiam
627 4169 673 4218 pu·
