2774 4702
137 318 204 386 294
490 303 705 382 emmim
730 330 894 381 ossuum

139 477 208 541 Sed
222 476 312 558 quod
322 493 387 540 nec
402 482 555 550 matrem,
567 494 632 538 nec
648 493 834 555 germanam
847 492 923 537 esse
937 472 1095 538 videbam
1223 473 1250 538 ὁ

182 578 285 643 Hanc
300 578 374 654 tibi,
389 576 514 659 quojus
527 595 582 640 me
595 595 736 656 magnus
751 575 871 639 edebat
884 594 989 640 amor.

138 679 183 744 Et
198 680 352 762 quamvis
366 686 477 742 tecum
491 677 595 741 multo
610 676 926 760 conjungerer1usu3
1006 759 1010 765 ⁵

181 780 260 844 Nou
273 781 358 844 satis
371 779 407 843 id
422 797 533 842 causae
550 776 754 840 credideram
770 796 846 840 esse
862 777 937 840 tibi.

138 881 191 944 Tu
208 882 292 945 satis
306 881 341 944 id
357 880 477 944 duxti:
500 885 632 943 tantum
646 878 709 941 tibi
724 879 882 959 gaudium
897 879 933 940 iu
949 879 1039 941 omni

181 981 294 1065 Culpa
306 990 371 1058 est,
386 982 419 1044 in
435 998 650 1063 quacumque
666 984 720 1042 est
733 977 863 1060 aliquid
878 976 1022 1041 sceleris.
1200 978 1246 1041 10

137 1164 237 1214 mistum
244 1162 290 1212 tibi
300 1177 346 1210 sou
356 1175 404 1210 esse
413 1165 520 1220 matrem,
529 1173 602 1221 neque
612 1172 715 1207 sororem
727 1159 798 1206 istum
809 1159 930 1220 puellam,
938 1158 1004 1218 euim
1019 1159 1103 1220 iugens
1113 1160 1198 1210 urebat
1208 1176 1249 1212 me

137 1244 213 1287 umor,
224 1233 248 1275 et
264 1240 394 1289 quosquam
409 1225 479 1284 longo
489 1229 566 1272 tecum
576 1237 641 1270 erum
657 1228 763 1270 uersutus
773 1225 946 1284 cousuetudine,
954 1239 1001 1271 nou
1018 1228 1097 1272 tumeo
1103 1230 1247 1286 putaueram

137 1293 180 1341 hoe
191 1291 235 1339 tibi
242 1290 469 1355 mffissre,utseetus
477 1288 549 1335 etiam
562 1289 588 1334 iu
596 1300 631 1333 me
642 1287 786 1334 admitteres.
821 1286 868 1334 Sed
882 1291 910 1334 tu
920 1288 1074 1352 lsocsuffioere
1087 1288 1247 1350 existimasti,

134 1360 207 1405 tuate
217 1354 263 1403 tili
272 1353 378 1417 uoluptas
393 1357 427 1401 est
437 1351 463 1400 iu
474 1365 614 1414 quocumque
624 1351 710 1398 delicto
720 1354 756 1398 est
764 1350 855 1412 aliquid
857 1350 962 1414 flagitii.

603 1495 781 1514 mm

137 1598 181 1648 ed.
200 1611 275 1647 anon.
289 1603 317 1647 et
328 1596 441 1646 nonnulli
454 1596 530 1645 codd.
543 1611 585 1659 ap.
596 1597 714 1646 Stat—5
732 1595 781 1644 Sed
792 1609 864 1658 mque
875 1595 934 1656 quod
944 1595 970 1643 in
981 1594 1054 1644 Brix.
1063 1594 1152 1643 Graev.
1165 1594 1248 1642 Voss.

138 1663 266 1712 edanum
287 1661 358 1721 aliis;
375 1661 440 1709 ‘sed
458 1662 539 1710 multo
559 1661 751 1710 concinniorem
770 1660 913 1708 orationem
936 1658 1024 1707 reddit
1043 1663 1133 1706 nostra
1152 1657 1215 1705 lect.
1229 1671 1248 1706 a

138 1727 218 1776 Guar.
231 1726 342 1788 prolata,
349 1730 376 1774 et
389 1740 403 1773 u
415 1726 501 1774 Statio
510 1723 753 1789 aliisqueprobata!
769 1725 895 1772 Deum-9
913 1723 949 1771 lis
958 1722 1018 1770 sutis
1025 1721 1122 1771 induxti
1132 1722 1157 1770 iu
1166 1720 1248 1771 Brix.

139 1797 167 1840 et
177 1791 295 1840 omnibus
306 1788 362 1839 fere
373 1790 440 1838 Stat.
452 1789 596 1838 codd-10
615 1791 692 1851 Culpa
702 1803 750 1836 esse
759 1789 811 1850 legi
818 1787 898 1851 jussit
908 1784 1006 1836 Arent.

638 1950 745 2001 NOTAE

170 2082 187 2126 6
204 2078 297 2127 Edebut
314 2080 390 2143 umor]
422 2077 496 2140 Virg.
511 2078 556 2142 qui
575 2077 668 2141 passim
710 2077 789 2126 durus
800 2091 870 2126 amor
881 2075 981 2125 crudeli
993 2073 1053 2125 tabe
1062 2072 1185 2138 peredit!
1209 2072 1249 2123 Et
1273 2112 1276 2116 »

139 2154 269 2203 Caudium
289 2155 417 2217 imitatur,
434 2154 488 2215 ait;
513 2157 521 2182 ⁴
536 2153 588 2203 Hie
605 2167 668 2217 quos
710 2153 788 2202 alibi:
806 2154 876 2202 ‘Est
888 2151 971 2202 mollis
981 2149 1084 2200 flamma
1098 2147 1249 2198 medullas?

557 2372 822 2383 -n—-—--————

514 2525 720 2591 CARMEN
744 2525 865 2591 XCII.

580 2708 630 2755 ne
649 2708 797 2756 nusum.

138 2857 274 2922 Lusum
293 2858 340 2923 mi
355 2858 437 2922 dicit
451 2877 582 2941 semper
596 2859 694 2936 maie,
709 2879 771 2923 nee
786 2865 880 2923 tacet
896 2878 1042 2942 uuquam

181 2958 319 3021 Deme:
342 2957 466 3022 Lesbia
478 2978 543 3036 me,
557 2958 754 3040 dispeream,
769 2961 835 3023 nisi
844 2968 950 3024 amat.

170 3104 356 3168 Lesbiujugiter
371 3105 431 3154 mili
447 3105 570 3168 obtrectat,
581 3119 651 3167 usque
669 3097 765 3167 usquam
781 3104 874 3154 silstde
886 3121 932 3156 me.
965 3108 1000 3156 At
1008 3119 1113 3170 pereum,
1124 3108 1147 3157 si
1157 3109 1249 3162 matt·

600 3233 777 3254 Nm!

146 3383 147 3387 ,
170 3337 186 3382 2
203 3331 235 3381 lu
247 3331 341 3381 Venet-
354 3348 395 3381 an.
409 3336 482 3382 150⁰.
494 3332 555 3383 Ald.
567 3333 642 3384 Junt.
658 3333 742 3382 Colin.
764 3332 867 3401 Gryph.
884 3331 954 3380 Mur.
973 3331 1062 3382 Graes.
1082 3331 1150 3395 aliis,
1166 3332 1247 3397 dispe·

138 3410 212 3456 reum,
223 3411 260 3444 me
271 3397 318 3444 uiss'
330 3397 415 3445 Lesbia
425 3401 508 3454 umut,·
531 3397 576 3446 sed
594 3404 709 3445 nostram
728 3398 790 3446 lect.
809 3401 940 3445 testantur
951 3410 1040 3444 omues
1056 3396 1125 3445 Stat.
1137 3402 1165 3445 et
1175 3397 1249 3449 Scal.

138 3459 215 3509 codd.
227 3461 358 3509 ‘mutatus
371 3461 414 3508 ille
426 3460 452 3509 iu
465 3461 524 3511 edd.
535 3467 600 3510 vett.
612 3460 750 3510 verborum
769 3459 833 3509 ordo
844 3459 912 3508 hand
924 3458 1002 3508 dubie
1014 3458 1147 3523 profectus
1158 3466 1199 3509 est
1212 3462 1248 3510 ab

635 3604 742 3654 NOTAE

171 3712 321 3764 lLssbiumi
331 3713 404 3775 dicit]
415 3715 462 3764 Est
472 3715 586 3778 ejusdem
598 3732 673 3780 paene
714 3718 781 3767 euim
793 3715 849 3784 ipse
861 3717 893 3766 de
911 3716 1005 3768 Lesbia
1015 3715 1118 3765 assidue
1129 3717 1197 3766 male
1210 3719 1249 3769 di·

140 3788 286 3854 argumenti
302 3789 351 3839 hoc
368 3789 535 3852 Epigramma
550 3808 608 3841 enm
627 3794 671 3843 illo
712 3795 762 3855 cit,
777 3799 804 3842 et
820 3793 902 3856 ipsam
920 3790 1168 3859 perpetuoxvidetur
1184 3807 1250 3844 exe·

139 3866 273 3931 superiore
285 3879 356 3932 uum.
368 3878 492 3938 uxxxur.
507 3869 515 3895 ‘
530 3868 625 3916 Lesbia
636 3873 671 3921 mi
711 3870 799 3932 erari;
818 3851 990 3934 fuetremeuter
1009 3873 1097 3916 tumen
1113 3867 1185 3916 illam
1199 3869 1248 3920 de·

139 3941 356 4004 praeseuteviro!
399 3942 451 3991 Hic
463 3957 540 4006 porro
553 3944 670 3993 Catullus
711 3945 789 4008 perit.
822 3944 864 3994 Sic
876 3944 955 3993 etiam
973 3943 1037 3991 lieet
1048 3942 1151 3991 Catullo
1167 3945 1250 3994 male·

140 4017 205 4066 iram
223 4023 251 4067 et
266 4017 384 4067 convicia
401 4018 427 4067 iu
445 4019 552 4068 muliere
571 4020 672 4082 siguum
712 4020 784 4070 dicat
800 4019 905 4082 Lesbia,
916 4018 1052 4083 plurimum
1069 4023 1156 4066 tamen
1173 4017 1255 4069 illum

140 4093 235 4145 amoris
244 4106 302 4143 esse
313 4095 401 4156 docet,
412 4093 481 4159 quod
498 4109 546 4159 per·
560 4094 671 4158 seipsum
713 4096 805 4160 diligit.
838 4095 923 4156 Idem,
933 4093 1001 4160 quod
1015 4093 1143 4155 Catullus,
1152 4094 1252 4146 usserit

141 4178 229 4219 verum
251 4184 308 4221 esse
332 4170 475 4223 coufirmat.
517 4173 671 4239 Quanquam
712 4171 835 4234 Psupstt.
850 4169 858 4197 ‘
871 4169 1000 4220 Nimirum
1009 4168 1068 4239 ‘seri
1079 4166 1175 4218 dautur
1183 4167 1253 4220 mihi
