2774 4702
186 335 209 399 6
355 312 358 317 ¹
632 347 848 397 renuente..
907 370 910 374 -

187 493 221 556 in
246 492 334 558 locis
359 492 533 557 lectionem
558 491 694 558 exhibet
719 494 899 578 avulgata
922 493 1021 574 longe
1045 487 1288 558 diversam.

188 593 299 677 Germ.
318 611 452 658 nxvrrr.
475 595 529 659 46.
572 595 724 660 Tandem
750 616 837 660 anno
862 595 959 660 1481.
990 593 1167 658 Joruuns
1192 592 1290 657 Grn-

188 713 386 761 rrrumtrus
402 697 529 780 primus
544 697 691 761 omnium
711 698 870 782 majorem
883 695 1003 761 habuit
1016 713 1131 758 curam
1147 693 1288 772 Catulli,

186 798 327 882 ejusque
342 799 500 864 Carmina
522 796 690 863 Vicentiae
717 799 834 867 edidit.
878 796 1042 863 Venetam
1067 798 1208 880 primam
1231 798 1288 861 vel

188 899 372 964 secundam
386 899 505 964 iterum
521 894 646 968 excudi
660 902 805 983 curavit;
827 900 887 965 sed
901 919 986 978 eam,
997 905 1038 963 ut
1052 899 1193 976 videtur,
1210 900 1287 984 ipse

187 999 285 1066 bouis
299 1001 473 1066 codicibus
496 1019 590 1078 usus,
614 1002 670 1081 (cf.
698 1002 834 1066 Santen.
856 1002 901 1067 ad
925 999 1036 1066 Carm.
1060 1017 1199 1067 nxvrrr.
1214 999 1291 1085 43.)

188 1102 302 1166 multis
316 1102 352 1166 in
362 1102 448 1166 locis
463 1103 609 1167 correxit
621 1101 684 1187 (cf.
695 1105 772 1169 lect.
789 1101 902 1169 Garm.
920 1096 1022 1167 ΠΧ.
1036 1110 1071 1167 et
1090 1119 1198 1167 nxrrr.
1213 1123 1290 1168 cum

188 1202 264 1267 cod.
292 1199 442 1286 Dresd.).
486 1201 528 1265 In
542 1203 739 1285 praefatione
762 1203 807 1268 ad
833 1203 1055 1268 Hermolaum
1080 1203 1127 1268 ita
1149 1204 1290 1271 scribitt
1370 1276 1372 1280 .

190 1307 200 1337 ‘
222 1300 308 1367 Cum
330 1322 519 1387 percurrere
542 1304 728 1387 coepissem
750 1303 786 1369 id
808 1324 906 1387 opus,
929 1303 1031 1387 quod·
1047 1303 1201 1370 Venetiis
1228 1306 1291 1369 im·

189 1423 342 1489 pressum
370 1411 531 1483 est-tot
556 1405 686 1469 mendis
716 1405 875 1469 refertum
905 1425 979 1469 esse
1010 1405 1223 1488 deprehendi,
1251 1417 1291 1474 ut

188 1502 287 1588 longe
303 1505 400 1589 plura
418 1512 530 1571 essent
554 1507 677 1571 vitiosa
702 1511 737 1570 et
760 1504 959 1589 depravato,
976 1525 1076 1590 quam
1090 1526 1166 1588 quae
1181 1527 1291 1573 emen-

188 1607 279 1673 data.
325 1608 448 1676 Nullus
462 1612 549 1674 certe
561 1627 679 1672 sensus
691 1624 735 1672 ex
745 1606 801 1670 his
816 1606 894 1671 elici
908 1612 1054 1690 poterat.
1100 1606 1289 1674 Confestim

86 1793 89 1798 ι
189 1710 327 1775 conveni
349 1709 526 1773 nonnullos
550 1709 767 1792 impressores
790 1712 825 1772 et
850 1725 910 1771 eos
936 1707 1130 1773 cohortatus
1150 1728 1236 1788 sum,
1252 1717 1289 1777 ut

189 1810 308 1875 lterum
322 1809 357 1874 id
377 1820 462 1893 opus
476 1809 699 1893 imprimerent
721 1828 762 1873 ea
786 1809 991 1874 correctione
1007 1830 1109 1894 quarn
1123 1810 1292 1894 pollicitus

190 1918 275 1974 sum.
320 1909 465 1975 Possum
487 1909 588 1993 igitur
609 1908 746 1992 gloriari
768 1929 822 1973 me
844 1928 911 1973 non
934 1911 970 1976 id
994 1910 1203 1989 emendasse,
1230 1911 1292 1974 sed

190 2030 267 2075 vere
284 2016 389 2075 totum
404 2010 649 2095 exscripsisse?
694 2011 860 2094 Equidem
883 2016 987 2077 totum
999 2012 1087 2077 hunc
1103 2012 1215 2076 locum
1231 2033 1292 2095 ap-

189 2112 301 2196 posui,
324 2113 480 2195 quoniam
505 2113 603 2177 valde
624 2114 854 2177 memorabilis
877 2120 939 2178 est.
985 2113 1223 2196 calphurnium
1242 2134 1293 2177 se·

162 2219 288 2305 ‘cutus
317 2218 370 2277 est
397 2213 667 2292 Pescennius,
695 2213 825 2296 primus
862 2212 987 2279 Catulli
1024 2215 1204 2297 Interpres,
1234 2216 1293 2296 qni

192 2315 403 2382 Brixiensem
430 2315 507 2379 anni
534 2315 630 2381 1486.
658 2316 800 2393 curarit,
828 2325 864 2382 et
886 2336 955 2383 non
978 2335 1096 2400 parum
1119 2316 1161 2379 de
1185 2315 1293 2380 Poeta

190 2423 306 2480 nostro
319 2419 519 2501 promeritus
533 2423 599 2494 est,
615 2437 805 2501 quanquam
829 2419 904 2502 ipse
920 2437 1016 2482 suam
1031 2419 1210 2483 editionem
1224 2417 1292 2481 fes-

153 2507 156 2510 *
191 2517 330 2583 tiuatam
345 2518 509 2601 appellat.
554 2520 595 2583 In
607 2518 803 2605 praefatione
828 2520 974 2604 loquitur
996 2518 1037 2583 de
1051 2520 1107 2596 iis,
1124 2519 1184 2602 qui
1199 2537 1293 2582 enar-

189 2619 336 2685 rationes
361 2619 539 2704 discipulis
563 2621 709 2687 diotatas
732 2622 846 2705 inique
874 2620 1120 2703 interciperent,
1136 2618 1196 2683 sed
1210 2619 1293 2681 nihil

189 2721 296 2802 magis
320 2721 484 2806 queritur,
501 2743 602 2802 quam
626 2724 673 2797 id,
689 2724 782 2802 quod
810 2720 938 2786 Catulli
962 2718 1074 2795 Liber,
1091 2738 1159 2800 quo
1183 2719 1294 2783 nullus

192 2821 337 2885 omnium
351 2824 384 2884 et
398 2820 432 2883 in
448 2819 581 2885 Graecis
596 2827 631 2884 et
655 2819 690 2882 in
709 2819 838 2884 Latinis
856 2818 964 2900 inagis
980 2819 1156 2902 corruptus
1171 2826 1207 2883 et
1221 2840 1294 2883 rnu-

114 2931 116 2936 '
192 2922 318 2999 tilatuS,
333 2921 448 2986 avitis
462 2920 573 2986 doctis
597 2920 790 2985 obscuritati
804 2920 942 2984 relictus
966 2920 1073 2983 fuerit.
1118 2918 1294 2984 Commen-

191 3025 295 3090 tarius
311 3042 371 3106 pro
384 3023 542 3105 temporis
555 3022 682 3087 ratione
694 3021 775 3086 satis
790 3020 911 3086 doctus
925 3020 1033 3085 multa
1048 3021 1204 3099 eontinet,
1215 3043 1294 3104 quae

193 3124 237 3189 ad
259 3124 496 3190 restituendam
518 3125 697 3189 lectionem
722 3123 900 3206 genuinam
922 3123 1069 3186 maxime
1092 3121 1295 3189 considerari

193 3226 339 3309 debent;
359 3245 438 3316 nam
453 3229 570 3290 auctor
592 3232 668 3290 ante
695 3226 815 3290 oculos
837 3225 956 3290 hahuit
971 3225 1119 3301 codices,
1135 3225 1294 3308 equibus

192 3327 350 3411 pluribus
365 3330 401 3393 in
415 3329 501 3394 locis
514 3329 670 3405 restituit,
685 3327 752 3392 nisi
765 3346 895 3410 semper
910 3326 1083 3409 optimam,
1098 3332 1210 3390 tamen
1226 3329 1294 3390 non

192 3432 293 3515 plane
318 3431 574 3516 improbabilem
599 3430 802 3507 lectionem-4
832 3426 1041 3512 Conjecturee
1064 3445 1143 3491 vero
1168 3445 1191 3490 a
1210 3426 1295 3491 Par-

193 3532 306 3598 thenio
320 3532 418 3598 factae
445 3538 561 3615 postea
573 3533 608 3596 in
630 3522 779 3600 Venetas
794 3534 943 3612 receptae
957 3534 990 3593 et
1004 3548 1026 3592 a
1037 3529 1189 3612 pluribus
1203 3529 1294 3594 criti-

194 3633 245 3697 cis
259 3653 321 3717 pro
333 3631 531 3699 Catullianis
546 3632 671 3698 habitae
687 3637 775 3697 sunt

236 3734 412 3800 Secundus
436 3733 554 3799 Poetae
586 3733 755 3816 Interpres
781 3731 846 3796 fuit
877 3731 1103 3796 Pserimos
1129 3728 1294 3811 Fuscos,

193 3837 292 3922 cujus
321 3836 595 3901 commentarium
619 3835 724 3900 edidit
744 3835 767 3900 J
770 3855 804 3901 o.
828 3833 1015 3909 Tacuinus,
1040 3831 1154 3896 nescio
1182 3839 1295 3898 utrum

192 3941 336 4025 primurn
351 3939 385 4002 in
400 3937 478 4004 edit.
494 3936 613 4002 Venet.
636 3937 734 4002 1500.
756 3956 799 4000 an
814 3941 916 4002 antea
929 3935 1080 3998 seorsim.
1127 3932 1226 4017 Opus
1240 3940 1292 4000 est

194 4039 412 4106 admiratione
423 4045 457 4105 et
470 4059 548 4103 cura
563 4037 805 4120 dignissimum,
821 4035 920 4121 cujus
934 4032 1037 4097 altera
1050 4052 1141 4116 pare,
1156 4054 1231 4117 quae
1248 4036 1294 4100 ad

194 4142 296 4206 crisin
317 4141 475 4226 pertinet„
495 4138 602 4204 multo
627 4141 763 4221 praestat
785 4136 893 4212 alteri,
916 4135 952 4198 in
967 4153 1036 4216 qua
1056 4132 1157 4196 verba
1179 4135 1294 4216 expli·
