2774 4702
550 315 705 363 CARMEN
732 315 844 364 thll.

144 456 217 522 Ubi
234 456 350 539 capita
366 453 542 520 Maenades
557 455 591 530 vi
601 454 733 537 jaciunt
746 455 959 538 bederigeree,

144 559 217 622 Ubi
231 577 326 622 sacra
340 565 461 621 sancta
475 559 584 621 acutis
598 557 780 621 ululatibus
795 559 935 639 agitant,

145 658 217 723 Ubi
232 661 344 724 suevit
355 659 415 724 illa
430 658 530 724 Divae
545 659 686 724 volitare
701 678 790 741 vaga
805 661 946 738 eohors3

146 761 227 839 Quo
243 780 304 825 nos
318 760 415 827 decet
428 762 540 826 citatis
555 762 701 826 celerare
717 759 883 844 tripudiis.
946 767 953 782 ⁸

145 863 255 926 Simul
268 862 343 927 haee
357 845 538 927 comitibus
552 860 641 947 Atys
654 862 779 928 cecinit
791 862 897 926 notha
911 862 1041 940 mulier,

142 961 294 1027 Thiasus
309 967 444 1046 repente
457 963 580 1046 linguis
595 963 840 1047 trepidantibus
853 964 968 1040 ululat,

144 1063 236 1127 Leve
250 1068 445 1148 tympanum
460 1067 613 1148 remugit,
630 1084 717 1131 cava
729 1065 886 1150 cymbala
897 1074 1085 1150 recrepant.
1230 1120 1234 1124 .

143 1162 297 1227 Viridem
312 1165 401 1229 citus
415 1165 485 1232 adit
496 1166 592 1231 Idam
607 1170 809 1250 properante
823 1164 913 1249 pede
926 1164 1058 1231 ebosus.
1200 1169 1245 1233 aa

143 1264 339 1330 Furibunda
352 1267 463 1345 simul,
479 1269 648 1345 anhelans,
663 1287 752 1350 vaga
765 1266 868 1345 vadit,
884 1267 985 1336 animi
1000 1287 1112 1351 egens,

144 1365 314 1429 Comitata
324 1371 483 1449 tympano
497 1365 598 1451 Atys,
614 1385 672 1450 per
687 1385 798 1450 opaca
811 1386 946 1432 nemora
959 1368 1042 1446 dux,

135 1465 261 1532 ,Veluti
270 1467 420 1552 juvenca
433 1469 541 1532 vitans
557 1486 643 1532 onus
657 1468 818 1533 indomita
827 1469 909 1554 jugi.

143 1565 290 1652 Rapidm
305 1567 428 1634 ducem
442 1576 626 1654 sequuntur
640 1567 750 1634 Gallae
763 1569 849 1654 pede
863 1588 1017 1654 propero.

140 1783 353 1847 messim
367 1783 637 1835 sbidlaessdesluders
650 1785 1189 1850 ndimboemsoimpetssnpitspsetissm
1204 1785 1246 1836 eti

140 1863 191 1897 ress
200 1848 307 1897 distem
322 1848 414 1909 madi
422 1847 590 1908 Mantiane
599 1849 713 1910 sesiam
728 1850 770 1899 sibi
780 1850 912 1900 metendo
920 1851 967 1900 ists
980 1851 1050 1900 aree
1060 1851 1121 1900 Dera
1132 1850 1244 1913 Cybeles

140 1913 419 1971 attaminatum
436 1929 480 1976 quo
499 1913 577 1963 etism
595 1923 637 1963 aas
655 1914 763 1963 maaesit
778 1913 905 1974 festinatis
922 1929 1049 1978 properare
1070 1914 1245 1965 nuntiabitur.

143 1977 204 2025 Cass
215 1977 278 2040 Atys
293 1984 373 2025 reseas
383 1976 486 2036 semiss
503 1977 621 2027 sodalitas
637 1979 686 2028 seis
704 1979 755 2028 loec
772 1979 884 2042 dixisset,
899 1979 983 2029 statim
996 1980 1096 2028 Thiasus
1113 1979 1244 2030 tremebam·

140 2039 330 2090 diselsssoribss
339 2042 454 2104 exululat,
468 2056 550 2092 eneam
561 2047 700 2106 tympanum
708 2041 800 2106 reboat,
816 2058 888 2094 sones
904 2043 1010 2108 symbols
1024 2049 1147 2094 amaras:
1163 2043 1245 2092 cohors

134 2103 259 2162 Jestissss
264 2103 339 2154 citato
346 2119 415 2175 mirso
428 2106 491 2168 petit
502 2106 570 2156 Idam
580 2105 704 2170 virentem,
721 2112 745 2157 et
755 2107 847 2170 puriter
855 2108 919 2172 Atys
932 2107 1029 2169 fureas,
1043 2107 1163 2167 sedebas,
1178 2121 1244 2156 erm·

140 2167 231 2246 hands,
247 2173 272 2218 et
287 2169 374 2218 mestis
391 2170 599 2297 inopem
617 2171 694 2221 dueta
712 2171 825 2222 samnis
841 2174 1066 2236 pedessassytass
1081 2171 1245 2235 impertales

139 2232 360 2304 ιιάφιίιισυιέιι
366 2235 483 2301 pondus
543 2235 549 2246 '
592 2268 600 2284 .
635 2235 713 2285 Galle
732 2241 883 2300 preparantes
900 2237 982 2286 messa
996 2237 1064 2300 Atys
1082 2238 1245 2286 mmetastm

604 2363 782 2385 W

138 2440 193 2492 snit
203 2439 275 2492 snt.
288 2440 335 2492 sed
348 2441 398 2492 Ubi
407 2442 485 2492 estin
499 2443 618 2494 omnibns
633 2442 776 2494 codd-so
794 2443 827 2495 In
837 2443 967 2494 modullis
977 2444 1039 2494 edd.
1051 2446 1187 2494 tettalias
1196 2457 1244 2507 pso

136 2505 288 2556 Dim-sa
303 2506 371 2556 Sosi.
382 2505 483 2572 protest
493 2523 509 2558 e
520 2508 587 2558 libro
607 2523 653 2558 sno
663 2513 692 2558 et
702 2505 830 2572 defendit,
840 2509 956 2558 saleim
965 2508 1089 2571 tripudiis,
1099 2507 1244 2558 seeedente

138 2569 233 2619 Burni.
244 2569 279 2619 sd
295 2570 374 2621 ovid.
384 2571 452 2623 list.
462 2585 501 2621 ss.
520 2575 643 2622 tot-tt
661 2570 693 2621 ln
704 2571 823 2621 omuibus
833 2572 901 2623 Stat.
918 2571 977 2622 cod.
991 2577 1056 2633 sets,
1066 2571 1142 2622 etsie
1152 2571 1181 2620 iu
1192 2572 1244 2621 Ve-

138 2639 206 2684 neta.
217 2634 293 2684 Brix.
303 2642 333 2684 et
340 2635 446 2686 vicent·
473 2635 535 2685 sm.
552 2637 641 2687 soth:
655 2636 682 2687 lu
693 2635 814 2685 sdstat.
826 2635 921 2685 stood.
932 2635 1077 2698 scetem,
1088 2635 1158 2699 qaod
1169 2648 1244 2698 sepo
1344 2691 1346 2695 ,

135 2697 367 2748 suitwerth-iti
385 2698 485 2764 Thyrsis
501 2699 529 2747 in
546 2698 677 2750 nonnullis
692 2696 752 2748 edd.
769 2705 835 2748 vett.
864 2699 970 2762 styra·
980 2696 1078 2749 Aseni.
1106 2699 1245 2763 Protropi-

137 2761 252 2813 stsstitss
262 2763 338 2812 Voss.
349 2761 670 2826 asenniassreptarntioss
686 2761 729 2811 vel
748 2761 926 2826 crepitantibus,
949 2763 1113 2826 improbante
1131 2764 1245 2814 Boea-

135 2829 173 2876 2⁹
189 2825 221 2875 ln
238 2826 369 2876 nonnullis
385 2827 453 2879 Stst.
471 2826 550 2877 oodd.
571 2828 766 2890 increpem-tl
784 2827 817 2877 lu
828 2827 888 2877 edd.
899 2827 1036 2891 antiquiss.
1046 2829 1125 2877 ssime
1133 2842 1245 2890 ganas,-

138 2887 240 2940 Avsut.
251 2891 318 2954 conj.
328 2892 406 2940 asinio
416 2905 495 2953 mess,
506 2898 534 2941 nt
552 2898 593 2941 est
609 2891 636 2940 in
646 2890 710 2940 Ald.
722 2890 824 2955 Gryph.
836 2892 904 2942 Mur.
921 2893 989 2942 Stat.
1001 2893 1069 2942 Sesl.
1081 2893 1170 2943 Groev.
1181 2893 1243 2956 Bip.

137 2959 167 3002 et
176 2953 250 3013 sliis;
268 2955 294 3003 in
305 2957 372 3005 Stat.
384 2954 462 3004 codd.
473 2954 549 3005 ιιιιίιιι·
563 2955 639 3017 geria
656 2963 693 3017 et,
705 2954 789 3005 Assae
802 2971 880 3017 gestu
892 2956 960 3006 unde
971 2957 1040 3007 Stat.
1050 2963 1167 3007 nostram
1175 2957 1245 3006 eruit

137 3017 267 3069 leet-tt
285 3018 317 3069 ln
340 3018 417 3069 codd.
431 3024 466 3070 'et
485 3018 546 3071 edd.
565 3019 700 3085 antiquiss·
716 3018 845 3081 inei—tt
862 3021 895 3069 In
918 3020 1004 3072 Patet.
1023 3036 1049 3085 p.
1072 3030 1099 3071 et
1121 3021 1244 3087 Commel.

638 3172 746 3224 NOTAE

136 3280 268 3344 μαίνεσθαι,
288 3283 318 3332 sb
339 3284 486 3350 insaniendo,
506 3285 611 3349 proprie
634 3284 672 3334 dl·
714 3343 719 3348 ,
745 3287 777 3333 ³⁰
797 3284 904 3333 Viridem
920 3282 972 3333 adit
991 3283 1071 3346 Idam]
1104 3282 1153 3332 lda
1171 3299 1243 3333 mons
1320 3331 1323 3335 .

136 3365 235 3408 cantas
254 3359 353 3409 Bacchi
373 3360 541 3411 Sacrifienlae.
583 3362 672 3411 Gallos
713 3365 754 3407 est
761 3358 846 3422 Trojae
857 3357 991 3406 imminens
1008 3357 1087 3421 sylvis
1099 3357 1245 3422 redimitus,

137 3440 227 3484 sutem
236 3436 672 3498 BerecynthisesacerdotesPoite
713 3434 784 3500 eujus
795 3433 873 3483 variae
884 3439 972 3498 partes
984 3433 1056 3482 varia
1072 3432 1171 3484 sortitae
1183 3443 1244 3486 sunt

137 3511 242 3561 vocavit
253 3512 385 3575 Moesadss,
397 3513 465 3577 quia,
474 3519 504 3562 ut
515 3512 609 3563 Strabo
619 3520 670 3562 tes·
712 3509 834 3570 nomina3
863 3508 1006 3571 eujusmodi
1029 3515 1069 3558 est
1089 3510 1157 3561 latua
1177 3512 1244 3562 iilud

136 3593 307 3650 talamascas
323 3588 434 3653 Cybeles
448 3595 476 3640 et
486 3588 585 3639 Bacchi
596 3594 672 3638 erant
712 3585 811 3637 dictum
822 3584 956 3649 Dindyma
973 3600 1020 3636 seu
1041 3586 1199 3652 Dindymus,
1216 3590 1243 3639 ia

136 3663 241 3714 Crassis
253 3663 599 3731 etPhrygibnseommnnis.
712 3677 764 3728 qno
782 3662 882 3727 Cybele
900 3662 1051 3715 colebatur:
1078 3663 1129 3715 fnit
1149 3672 1176 3715 et
1193 3667 1244 3715 alia

170 3744 204 3792 88
229 3741 343 3805 Thiasus]
374 3743 442 3791 'l'ota
462 3753 556 3805 nempe
581 3740 672 3791 cohors
711 3738 910 3802 parsGarg‘arus
919 3737 990 3789 dicta
999 3739 1068 3802 apud
1078 3739 1156 3789 Hom.
1167 3738 1244 3789 Iliad.

135 3816 196 3880 ipsa
215 3831 275 3882 quae
286 3814 359 3880 Atyn
369 3813 456 3866 fuerat
466 3823 565 3866 secuta.
600 3815 671 3865 l'ltis-
711 3820 740 3865 0.
773 3815 905 3865 laniante
924 3829 1002 3879 porro
1022 3814 1072 3863 Ida
1092 3814 1166 3863 Puris
1186 3812 1242 3862 sen·

137 3907 179 3941 sss
200 3899 287 3942 sutem
308 3891 414 3959 proprie
435 3891 529 3942 chorus
550 3897 599 3953 est,
616 3892 670 3941 sive
711 3891 819 3941 tentiam
842 3891 903 3940 tulit
926 3896 973 3955 pro
990 3891 1093 3939 Venere
1116 3888 1149 3938 de
1166 3902 1242 3952 pomo

80 3970 84 3976 “
137 3966 342 4018 merasodeditas
351 3967 672 4031 canentiumsaitantium,
712 3976 903 4032 antemnarum
919 3966 1052 4018 Palladem
1064 3972 1092 4035 pt
1101 3966 1241 4020 lunonem.

138 4044 341 4107 conviventium,
352 4057 402 4093 non
414 4045 496 4094 solum
509 4043 541 4093 ad
553 4044 671 4108 Cybelen
742 4049 776 4095 82
794 4042 913 4094 Comitutr
924 4047 1035 4104 tympano
1043 4039 1117 4105 Atys]
1139 4043 1241 4094 Voesre

137 4128 187 4168 sat
202 4117 344 4180 Bacchum,
363 4119 408 4168 sed
429 4124 456 4168 et
474 4118 505 4188 ad
526 4117 576 4168 alis
593 4118 669 4168 etiam
712 4119 936 4186 pergitfoeminam
950 4115 1021 4180 Atyn
1034 4117 1189 4180 genitalibus
1200 4135 1242 4170 ex·

138 4193 368 4260 sserapertiaeus.
712 4197 918 4264 cisiseviratum.
