2774 4702
178 309 251 387 '260
537 328 575 383 cr
592 334 751 383 vinnan
777 332 942 383 carnum

231 476 358 542 Moesta
371 496 477 562 neque
493 477 630 542 assiduo
646 478 815 542 tabescere
828 477 953 540 lumina
967 475 1047 540 lletu
1246 476 1291 540 55
1324 501 1330 514 ·

272 578 460 656 Cessarent,
476 579 628 662 tristique
643 565 748 643 inibre
761 580 897 643 madere
912 597 1013 660 genae.

229 680 349 758 Qualis
363 681 400 742 in
416 678 499 744 alisii
514 680 686 762 pellucens
700 681 824 744 vertice
838 680 961 742 montis
1025 693 1027 698 ’

271 779 382 844 Rivus
396 799 551 844 muscoso
567 781 699 864 prosilit
714 800 733 844 e
747 781 880 864 lapide:

227 881 296 959 Qui
312 900 390 945 cum
405 880 446 944 de
460 900 569 963 prona
582 901 737 966 praeocpe
752 889 805 947 est
821 882 909 967 valle
924 881 1070 957 volutus,

174 1038 180 1049 .
271 981 335 1045 Per
349 980 494 1045 medium
510 981 605 1047 densi
618 985 741 1048 transit
755 983 817 1046 iter
829 983 960 1067 populi,
1245 981 1289 1044 60

227 1082 339 1146 Dulce
356 1082 474 1146 viatori
489 1082 582 1148 lasso
597 1084 632 1147 in
644 1070 770 1149 'sudore
785 1085 947 1159 levamen,

157 1225 160 1231 ·
269 1181 357 1247 Cum
371 1183 483 1263 pavis
497 1190 639 1249 exustos
655 1189 759 1251 aestus
774 1185 899 1250 hiulcat
912 1201 1030 1266 agros:

225 1282 280 1347 Ac
297 1281 399 1347 veluti
413 1284 509 1365 nigro
519 1285 658 1368 jactatis
673 1287 803 1352 turbine
818 1286 928 1351 nautis

268 1383 396 1448 Lenius
410 1385 564 1466 aspirans
581 1407 663 1452 aura
673 1387 824 1451 secunda
841 1387 941 1463 venit,

226 1483 305 1547 Janr
321 1502 420 1566 prece
436 1483 600 1565 Pollucis,
608 1485 679 1567 jam
697 1485 848 1551 Castoris
861 1487 1057 1568 implorata:
1245 1482 1290 1555 65.

275 1582 360 1649 Tale
373 1581 440 1649 fuit
453 1584 552 1650 nobis
569 1584 720 1650 Manlius
734 1586 907 1650 auxilium.
926 1616 928 1621 >

184 1757 269 1807 Tlerm
315 1756 354 1817 lie,
363 1761 530 1806 secernerent
542 1757 625 1807 tristes
636 1761 697 1808 ocull
706 1760 756 1808 mei
767 1761 917 1822 languescere
930 1757 1046 1807 autaut
1057 1755 1178 1821 amate,
1188 1761 1212 1806 et
1221 1770 1291 1819 geue

183 1770 331 1884 mama
341 1834 433 1895 seraper
443 1820 613 1882 mutatur.
648 1825 706 1872 Non
714 1838 781 1872 secus
790 1839 819 1871 uc
831 1823 1011 1886 suntlapides
1024 1821 1052 1871 is
1067 1820 1187 1870 mesiae
1201 1821 1290 1869 mestis

181 1884 270 1934 eusebi
279 1887 402 1932 acuente
412 1897 472 1930 aueo
482 1898 594 1943 aarum,
605 1887 646 1947 pei
656 1890 747 1949 quaeda
752 1886 853 1947 sagteae
861 1901 906 1950 per
914 1887 999 1934 uallem
1009 1885 1120 1940 decliuem
1131 1883 1235 1949 defluit
1245 1897 1290 1946 per

180 1941 284 1997 mrim
295 1945 430 2008 sreprrentis
447 1946 521 2008 pota
538 1949 619 2005 elam
636 1958 726 2013 estque
739 1951 827 2000 elucet
838 1949 905 2009 sessu
917 1949 1051 2010 jucundam
1062 1947 1173 1996 eddium
1183 1947 1210 1997 is
1219 1952 1291 2010 oete,

182 2024 235 2058 aem
256 2009 344 2057 nimias
363 2010 427 2057 calor
447 2015 536 2057 terrum
556 2012 701 2062 exeieeutum
721 2013 818 2063 eadit.
853 2015 888 2063 Et
910 2018 938 2061 et
958 2017 1041 2061 reatus
1060 2012 1175 2061 secem
1193 2011 1289 2059 meltius

181 2073 276 2137 spirens
292 2077 346 2134 poet
365 2073 496 2121 iauomtum
516 2073 651 2124 Poenam
664 2077 773 2127 Castoris
789 2092 855 2141 opem
872 2076 953 2126 naua
970 2081 1026 2125 utra
1040 2078 1177 2139 tenpestate
1187 2061 1292 2136 agitatis

643 2203 819 2224 ‘nucum‘

178 2278 274 2330 tlraev.
285 2280 355 2332 Scali
363 2281 403 2332 ed.
416 2294 491 2332 anon.
504 2282 563 2346 Bip
574 2290 601 2332 ct
612 2283 685 2334 Sant.
695 2282 720 2332 lu
730 2283 953 2347 quibusdamvett.
970 2282 1074 2345 Maelio,
1081 2280 1211 2346 probante
1220 2280 1293 2331 Tur·

180 2342 267 2406 nebo;
280 2345 305 2394 in
317 2345 386 2396 Stat.
404 2352 432 2396 et
444 2347 501 2395 aliie
513 2347 615 2405 usum
625 2348 683 2399 dac.
701 2347 835 2397 Taureltue
852 2348 920 2410 conj.
936 2347 1030 2404 lamia,
1047 2361 1063 2395 a
1084 2345 1205 2395 Lamiaco
1214 2344 1292 2406 einu;

182 2406 258 2458 Voss.
277 2408 377 2473 Daulia,
388 2409 554 2475 improbante
572 2411 674 2461 Hamas.
693 2411 725 2460 ad
744 2411 851 2461 lanciare.
869 2409 1096 2475 l'..1.p.1l².sed
1113 2408 1215 2459 Marcil.
1227 2423 1291 2459 con·

181 2471 269 2521 tendit
286 2472 386 2535 Metelle,
402 2475 519 2538 ἀρχαϊκῶς
554 2488 582 2525 ro
600 2473 721 2536 ‘Manli‚'
742 2489 799 2525 csse
816 2475 1030 2539 legendum—55
1047 2473 1135 2523 Maesta
1147 2487 1191 2522 see
1203 2472 1231 2521 in
1243 2472 1291 2522 tri·

182 2535 230 2586 bus
247 2536 319 2586 Saut.
330 2537 407 2587 codd.
427 2546 455 2588 et
470 2539 512 2590 ed.
552 2542 682 2589 esea-56
700 2539 836 2599 Cessissent,
847 2538 999 2601 aequtrtelt
1009 2538 1164 2588 Gran—td
1180 2536 1212 2586 ln
1224 2534 1289 2586 Dat.

181 2600 296 2663 alaplde,·
306 2601 352 2651 sed
363 2616 439 2651 nemo
450 2617 500 2651 non
510 2600 619 2664 praefert
628 2617 641 2651 e
649 2601 800 2665 lupide-dil
816 2603 888 2652 Saul.
902 2601 963 2650 olim
973 2600 1162 2665 suspicabatur,
1172 2600 1201 2649 de
1212 2614 1289 2662 prono

170 2676 285 2726 preceps
295 2669 331 2713 eet
340 2666 469 2715 colla—ul
487 2666 519 2715 In
540 2663 617 2716 Mati.
635 2666 652 2713 l.
670 2667 878 2730 suprascriptum
897 2666 955 2714 ‘vel
970 2663 1113 2723 murm?
1124 2663 1151 2712 in
1167 2663 1291 2713 omnibus

183 2727 252 2776 Stat.
262 2727 338 2777 codd.
352 2730 427 2778 Basso
436 2743 483 2792 pro
495 2731 564 2790 lano,
575 2729 703 2791 probante
712 2731 788 2778 Voss.
815 2730 883 2779 Stat.
895 2728 964 2791 conj·
977 2729 1054 2778 Dulce
1061 2728 1179 2776 elotanae
1190 2729 1252 2776 bero
1263 2725 1293 2775 s'a

183 2792 266 2838 rudae
285 2793 462 2842 leuamen-6³
480 2792 531 2841 Hic
541 2793 614 2841 ueluti
624 2792 695 2852 nim
706 2793 732 2840 in
745 2806 796 2841 uno
812 2794 878 2843 Stat.
889 2800 917 2842 et
927 2791 1045 2841 omnibus
1059 2790 1114 2840 fere
1124 2791 1197 2840 sant.
1209 2789 1291 2839 codd.

185 2853 236 2901 Hic
247 2855 319 2902 ueluti
337 2855 404 2914 nigri
415 2854 441 2901 iu
455 2855 512 2902 allis
523 2856 591 2903 Stet.
620 2855 683 2902 Hac
697 2856 772 2904 celati
782 2856 853 2916 nigra
863 2857 889 2904 in
902 2855 983 2905 tribus
998 2855 1072 2905 Sunt.
1089 2853 1153 2902 ‘sed
1171 2867 1212 2903 res
1228 2855 1291 2916 ipsa

183 2915 287 2976 flagitat
305 2917 358 2977 Ae,'
386 2918 470 2978 inquit
490 2919 639 2966 Doce—64
656 2917 755 2966 Leniter
771 2919 797 2968 in
814 2919 887 2967 Ricc.
899 2926 926 2967 et
937 2919 963 2967 in
975 2918 1040 2969 Dat.
1052 2932 1067 2967 a
1079 2933 1115 2966 m.
1130 2920 1235 2980 prede
1255 2917 1290 2965 lu

182 2979 249 3028 Stat.
268 2978 345 3029 codd.
363 2979 498 3041 implorata,
517 2979 585 3044 quod
604 2979 698 3029 mutari
716 2982 772 3029 vrrlt
789 2980 960 3044 inseparate,
977 2981 994 3030 l.
1012 2996 1035 3030 e.
1054 2982 1208 3044 deplorent&
1224 2977 1288 3030 binc

670 3154 791 3228 ‘uuna

184 3265 227 3316 Ad
241 3266 287 3317 bas
305 3274 392 3318 autem
410 3267 500 3318 lauces
519 3273 657 3318 extructus
674 3273 715 3316 est
754 3280 807 3316 non
832 3266 909 3316 latius
929 3278 1006 3330 quam
1025 3264 1162 3328 sexaginta
1185 3276 1291 3328 passus.

182 3343 243 3400 olim
264 3356 351 3392 murus
370 3350 462 3394 contra
478 3344 656 3394 Thessalorum
678 3341 715 3390 in·
755 3340 823 3391 Haec
836 3355 886 3390 uus
893 3340 1012 3390 militaris
1020 3340 1063 3390 via
1072 3346 1113 3390 est
1124 3353 1175 3404 qna
1184 3340 1291 3391 traduci

180 3419 313 3471 cursiones
334 3437 349 3470 a
371 3421 559 3481 phocensibus,
577 3426 714 3486 postquam
753 3417 928 3480 exercitaret
946 3429 999 3466 non
1017 3415 1212 3479 prohibeantur,
1226 3429 1289 3480 pos-

182 3493 310 3542 AEolldenr
323 3495 494 3546 incoluerunt.
525 3496 615 3546 Porta
627 3501 714 3545 antem
753 3492 820 3542 alut:
838 3492 898 3542 ideo
909 3491 994 3555 Pylae,
1009 3497 1037 3541 et
1048 3490 1082 3540 ab
1093 3489 1160 3551 allis,
1170 3491 1233 3555 qula
1244 3504 1291 3541 ea·

182 3568 279 3616 ibidem
299 3575 431 3618 extructae
451 3576 520 3633 snut,
539 3584 597 3635 quae
619 3570 714 3619 Graece
752 3567 812 3617 lidae
837 3581 909 3632 aquae
935 3568 964 3616 ln
985 3566 1050 3632 ipsis
1075 3565 1194 3616 t'auclbns
1216 3573 1290 3630 sunt,

183 3641 255 3690 asaal
266 3641 397 3705 dicuutur,
408 3650 435 3692 et
447 3644 481 3692 ab
493 3644 566 3709 aquis
577 3636 667 3694 calidis
678 3645 715 3693 lo-
752 3641 933 3706 'lbermopylre
943 3642 1015 3701 loeus
1026 3639 1191 3705 appellatur?
1217 3641 1290 3691 Vide

184 3717 286 3774 cnsllle
297 3716 382 3767 dictus
396 3723 438 3767 est
451 3718 639 3782 Thermopylae.
671 3721 715 3769 De
753 3717 830 3767 etlam
841 3717 928 3771 strab.
941 3716 988 3768 lib.
997 3730 1037 3767 rx.
1046 3723 1076 3768 et
1085 3716 1185 3767 Herod.
1192 3715 1238 3766 lib.
1247 3722 1291 3768 rr.

184 3793 364 3856 lbermopylls
385 3793 447 3842 audi
468 3792 569 3843 Liuium
594 3793 626 3843 de
647 3795 715 3844 bello
753 3792 864 3857 -sqapaa
876 3806 952 3856 porro
967 3792 1046 3843 Malla
1056 3791 1154 3842 dieitur
1164 3805 1180 3841 a
1189 3791 1241 3842 loci
1254 3792 1292 3842 vl·

184 3867 371 3919 Macedonico:
388 3868 555 3929 ‘Extremus
571 3867 717 3932 [laeuam]
755 3868 881 3930 ciuitate;
902 3868 1085 3932 'Iberruopylea
1100 3860 1169 3916 enine
1183 3871 1244 3916 snut
1254 3867 1291 3918 ad

186 3943 219 3992 ed
232 3943 370 3994 Orientem
388 3950 490 3993 montes
507 3943 592 3992 OEtam
614 3951 717 4004 rocam,
757 3942 840 3992 sinum
851 3943 999 3997 Maliacum.
1019 3978 1022 3985 .

185 4031 294 4078 quorurn
317 4017 386 4083 quud
408 4017 558 4068 altissimum
578 4023 620 4067 est
640 4018 716 4067 Calll-
788 4021 821 4067 bu
837 4019 894 4068 Jum
901 4015 1292 4080 preeePollecis,JarsCerteeis]

165 4091 303 4157 ¹(teramum
314 4095 507 4158 appellaturum
522 4093 594 4157 cujus
605 4092 715 4142 rattrud
756 4092 834 4145 Quod
859 4106 952 4157 nempe
973 4093 1000 4142 in
1023 4097 1142 4141 extremo
1170 4091 1292 4155 periculo

161 4184 167 4194 ·
185 4165 325 4218 Malliacum
346 4170 429 4219 einum
451 4175 576 4231 vergente
606 4167 655 4217 iter
675 4173 716 4218 est
755 4175 841 4219 nanta
857 4181 916 4219 cunr
933 4169 1002 4221 nulla
1013 4174 1132 4233 superest
1143 4180 1204 4232 spes
1220 4169 1292 4220 saln-
