2774 4702
137 283 180 349 14
579 301 786 351 ianuario.
892 284 897 291 ’

137 445 197 529 qui
209 440 339 519 Poeta,
356 440 590 506 ‘Beneficiuin
604 444 723 525 vulgus
738 463 813 508 cum
828 444 937 526 largiri
950 445 1140 524 institueris,
1154 447 1237 510 Per-

137 543 245 623 dendu
258 547 336 609 sent
348 544 466 621 multa,
479 550 519 609 ut
538 544 645 609 semel
657 562 767 628 pones
781 544 885 610 bene?
907 544 1018 611 Germ.
1038 547 1236 614 ex1v.10tl.

135 645 243 731 recipi
256 643 403 709 debebat
416 645 519 710 lectio
532 646 691 711 codicum
704 646 856 727 duorum,
871 667 958 732 quos
974 647 1141 713 Columna
1153 668 1237 714 con·

138 747 251 826 saluit,
263 752 299 811 et
309 752 460 830 exeept
470 745 629 813 vatican.
644 747 772 826 Ursini,
784 746 969 833 conigeram
982 748 1111 812 nacti
1123 749 1239 815 vertice
1323 737 1337 821 ,’

134 848 257 936 pinum
269 847 402 914 firmata
423 847 618 914 auctoritate
640 847 754 927 Ennii,
770 850 841 933 qui,
857 851 947 934 apud
969 849 1119 918 Gellium
1133 853 1242 929 (xur.

139 951 208 1030 20.)
218 957 255 1014 et
268 947 418 1014 Nonium
432 969 462 1014 s.
475 969 508 1014 v.
531 953 543 984 ‘
559 948 772 1033 Gupressns,’
784 951 852 1033 ita;
875 956 887 987 ‘
902 951 1070 1036 Capitibu’
1083 957 1240 1018 nutantes

138 1053 237 1139 pinos
263 1056 440 1134 rectosque
462 1070 641 1134 cupressos
654 1050 674 1131 ς’
703 1071 846 1136 quocum
872 1055 990 1117 iterum
1013 1052 1240 1119 conserendus

138 1159 191 1220 ea
214 1173 268 1219 vs.
293 1152 544 1218 &ld-Nereus
564 1152 748 1219 lea-191.
775 1154 985 1218 illustrantur
1004 1152 1104 1219 Accii
1125 1155 1241 1221 verbis

139 1255 233 1341 apud
246 1254 391 1320 Nande
403 1253 486 1319 Var.
501 1254 595 1338 Sign.
617 1254 722 1319 Serm.
736 1274 772 1338 p.
785 1255 863 1320 307.
882 1253 934 1340 (in
949 1254 1243 1341 Epinausimaclu)

141 1362 153 1409 t
166 1357 295 1440 Tamen
307 1354 398 1420 haud
411 1356 561 1433 fatiscm,
576 1357 658 1440 quin
671 1363 765 1421 tuam
779 1356 952 1441 implorem
963 1356 1244 1423 fidem.’-cum.

142 1474 251 1524 mxxv
256 1473 281 1523 1.
294 1477 328 1522 v.
340 1456 395 1522 20.
409 1459 597 1541 comparari
610 1457 801 1524 debetcum
814 1458 937 1524 Lucilii
951 1457 1134 1541 fragmento
1148 1459 1243 1543 apud

49 1580 53 1592 ¹
143 1558 295 1624 Nouium
310 1577 340 1623 s.
353 1576 386 1621 ι.
407 1556 567 1622 ‘cm’

149 1701 157 1711 -
183 1659 234 1726 At
254 1659 469 1742 Interpretem
483 1657 609 1724 Catulli
629 1678 699 1723 nou
722 1659 830 1724 solum
854 1656 1078 1722 demonstrare
1099 1665 1243 1742 oportet,

141 1761 223 1847 quid
238 1762 314 1844 ipse
324 1778 386 1824 suo
395 1760 530 1842 ingenio
541 1759 694 1824 debuerit
702 1758 822 1838 Poeta,
833 1759 959 1843 quidve
974 1758 1062 1836 aliis,
1071 1759 1244 1825 sedetiam

142 1863 188 1929 ud
199 1862 379 1926 consilium
392 1859 556 1926 Auctoris
570 1861 745 1944 diligenter
755 1860 934 1940 attendere,
944 1866 981 1924 et
994 1860 1148 1944 cujusvis
1160 1858 1244 1925 Gar·

141 1965 244 2030 minis
253 1961 400 2028 indolem
413 1970 515 2047 atque
527 1962 699 2043 ingenium
711 1962 923 2046 perscrutari,
937 1968 978 2024 ut
992 1967 1150 2026 accurate
1165 1981 1245 2046 eog-

140 2071 272 2143 noscat,
295 2081 473 2147 quousque
500 2071 734 2145 argumentum
761 2063 834 2147 ejus
861 2061 996 2144 pateat}
1040 2059 1131 2126 Nam
1158 2065 1245 2128 satis

143 2170 288 2245 consae,
301 2168 338 2230 in
364 2165 541 2230 codicibus
555 2163 712 2230 Carmina
725 2165 793 2246 legi
815 2165 867 2227 itn
880 2167 1032 2240 consuta,
1046 2169 1085 2229 ut
1102 2164 1247 2248 singulis

143 2268 255 2333 alienu
266 2265 525 2344 admisceantur,
538 2284 603 2333 nec
615 2271 727 2348 partes
739 2266 809 2329 ullo
831 2283 949 2328 sensus
961 2264 1097 2328 vinculo
1111 2266 1196 2330 inter
1208 2286 1247 2330 se

142 2368 400 2452 conjunguntur.
445 2365 566 2450 Neque
583 2367 679 2445 ordo,
695 2386 763 2451 quo
784 2384 822 2430 se
843 2364 1018 2448 excipiunt
1038 2364 1208 2444 Carmina,
1224 2387 1248 2433 a

142 2468 256 2534 Poeta
266 2468 438 2551 protectus
456 2473 518 2532 est
562 2468 668 2534 Plura
680 2468 877 2547 fragmenta,
891 2485 967 2548 quae
985 2465 1020 2528 in
1042 2465 1247 2532 Grammati-
1310 2505 1312 2508 v

105 2569 110 2577 ‘
143 2589 260 2639 comm
280 2569 375 2634 libris
400 2568 544 2652 allegata
565 2566 867 2651 deprehendebant,
890 2563 1018 2628 librarii
1033 2565 1249 2633 carminibus

143 2669 282 2752 integris
295 2669 524 2752 ascripserunt
536 2669 593 2733 vel
608 2669 654 2733 ob
669 2667 904 2732 sententiarum
917 2666 1179 2745 similitudinem,
1193 2670 1250 2732 uel

144 2771 190 2836 ab
204 2769 383 2834 verborum
406 2769 651 2850 repetitionem.
685 2767 776 2830 Vide
799 2764 910 2829 Germ.
927 2780 1010 2829 xlv.
1024 2766 1079 2830 27.
1092 2787 1144 2852 sq.
1162 2785 1249 2835 xvr.

144 2871 199 2937 14.
217 2886 249 2932 n:
291 2866 346 2932 Ac
371 2867 526 2949 quamvis
547 2866 690 2949 pristina
710 2865 816 2928 forma
841 2863 1034 2930 Garminum
1054 2887 1097 2932 ea
1116 2871 1251 2935 ratione

145 2974 377 3051 corruptorum
401 2986 469 3030 non
492 2965 560 3030 nisi
575 2964 766 3051 conjectura
785 2965 856 3028 erui
879 2967 1000 3048 possit,
1014 2969 1125 3034 eutici
1138 2976 1253 3036 tamen

69 3130 73 3138 .
145 3076 208 3147 est,
237 3067 365 3132 indicia
388 3065 499 3131 facore
520 3066 725 3148 singularum
746 3066 901 3148 partium.
936 3065 1038 3145 Quod
1066 3071 1096 3133 si
1122 3069 1255 3138 Catulli

147 3171 316 3254 interpres
337 3165 552 3250 conjectandi
578 3166 777 3230 necessitate
797 3184 867 3229 non
892 3168 1021 3231 abusus
1046 3169 1160 3249 suerit,
1187 3175 1252 3238 ali-

146 3271 282 3357 qnando
290 3268 463 3354 putofore,
475 3269 639 3352 utplures
649 3266 1081 3348 tollantnrdifficultates,et
1092 3271 1253 3340 Carmina

145 3372 290 3458 propius
304 3371 482 3454 genuinam
496 3390 592 3435 suam
606 3371 848 3452 proprietatem
863 3369 1071 3434 reducantur.
1113 3372 1193 3438 Nec
1208 3377 1253 3440 de

146 3475 301 3539 omnibus
328 3470 430 3548 locis,
455 3489 543 3554 quus
573 3470 728 3535 cudicmn
757 3469 884 3533 auxilio
913 3470 1075 3552 expedire
1102 3474 1253 3539 nondum

145 3574 253 3651 licuit,
267 3571 536 3655 desperaverim
564 3572 669 3634 immo
683 3570 841 3634 eredttile
859 3575 923 3648 eat,
938 3571 1122 3654 aliquando
1143 3575 1254 3642 libros

146 3674 272 3741 uoetris
285 3670 492 3755 antiquiores
501 3675 539 3735 et
550 3671 733 3735 scribarum
746 3670 915 3734 erroribus
926 3671 1037 3735 minus
1044 3672 1253 3758 depravatos

147 3779 313 3860 repertum
327 3771 379 3836 iri.

158 3920 162 3945 2
189 3874 364 3940 Varietate
378 3869 547 3947 lectionis,
561 3888 665 3951 quam
676 3870 742 3936 viri
753 3868 847 3934 docti
858 3870 1030 3956 hucusque
1044 3876 1254 3946 coodicibus

148 3976 339 4052 attulerunt,
353 3972 528 4053 diligenter
547 3972 735 4053 explomltt,
757 3989 826 4034 non
846 3970 1053 4053 dubilamuS,
1067 3979 1150 4060 quin
1172 4001 1254 4046 con-

149 4075 246 4154 ditio,
260 4095 329 4159 qua
341 4074 387 4140 ad
400 4091 462 4137 nos
476 4073 630 4155 pervenit
643 4070 804 4148 Catullus,
819 4070 877 4135 uni
893 4071 1053 4139 debeatur
1066 4078 1192 4159 codici,
1206 4102 1253 4150 ex
