2774 4702
488 336 517 381 0.
541 332 701 381 VALERH
726 332 891 381 calliam

543 738 756 806 CARMEN
780 740 844 806 VI.

564 927 616 974 so
635 924 819 975 ruavrurr.

269 1078 404 1155 Fulvi,
419 1076 559 1143 delicias
572 1085 649 1144 tuas
665 1076 809 1155 Catullo,

247 1195 249 1198 ’
269 1182 318 1247 Ni
333 1181 400 1246 sint
413 1181 564 1265 illepidae
582 1187 682 1264 atque
696 1181 910 1262 inelegantes,

187 1276 196 1298 ⁶
267 1282 381 1348 Valles
395 1283 517 1365 dicere,
533 1303 596 1349 nec
612 1288 722 1348 tacere
736 1301 867 1365 posses.

266 1385 392 1448 Verum
407 1387 524 1450 nescio
539 1385 620 1470 quid
635 1385 827 1449 febriculosi

268 1486 378 1551 Scorti
393 1486 524 1568 diligis:
547 1486 613 1550 hoc
629 1486 732 1568 pudet
745 1485 851 1549 fateri.

268 1584 370 1664 Nam,
386 1591 420 1650 te
434 1606 502 1651 nou
514 1587 635 1652 vidutus
645 1587 760 1672 jacere
774 1590 891 1650 noctes

267 1686 302 1752 N
304 1688 508 1771 equiequam
523 1691 661 1754 tacitum
678 1688 789 1753 cubile
804 1687 940 1765 clamat,

269 1789 374 1854 Sertis
387 1809 426 1853 ac
440 1790 540 1873 Syrio
553 1789 703 1873 fragrans
717 1790 819 1868 olivo,

269 1889 506 1973 Pulvinusque
515 1910 672 1976 peraeque
686 1899 719 1957 et
734 1891 790 1956 hic
806 1899 842 1956 et
855 1892 924 1956 illic

269 1988 427 2070 Attritis,
440 1993 640 2075 tremulique
657 2013 779 2077 quassa
792 1994 871 2060 lecti

269 2089 445 2174 Argutatio
459 2093 756 2176 inambulatioque.

220 2219 224 2224 ·
270 2192 362 2258 Nam
375 2193 422 2258 mi
436 2196 600 2278 praevalet
613 2197 682 2260 isla
692 2198 740 2261 nil
756 2202 876 2262 tacere.

97 2401 100 2405 ,
173 2373 197 2422 0
210 2372 291 2436 Πανί,
302 2390 399 2438 cuperes
413 2392 513 2428 narrare
527 2379 621 2428 curib
636 2383 685 2440 rao,
696 2393 769 2441 aeque
786 2378 861 2428 celare
876 2391 913 2427 me
928 2391 1006 2440 precer
1020 2381 1074 2426 iuer
1088 2390 1188 2438 «morer,
1197 2376 1247 2427 aaz·

140 2442 216 2487 coeat
232 2439 358 2490 illiberales
377 2446 401 2490 et
423 2441 557 2500 iniereatir
571 2445 611 2492 aed
621 2459 686 2492 amaa
696 2443 771 2492 nereio
782 2443 839 2506 quid
848 2442 921 2491 uerti
931 2441 1042 2503 morbidi,
1051 2441 1121 2504 idque
1128 2440 1248 2490 erubescis

140 2502 256 2566 eorfiteri.
287 2503 375 2554 hetae
393 2505 455 2554 enim
467 2513 526 2556 tuus
538 2523 585 2556 aaa
601 2508 795 2572 sileaa‚floreset
806 2506 903 2570 Syrium
913 2507 1005 2568 spirans
1016 2505 1247 2568 amomum,potesa-

140 2567 1008 2635 eittemcclibeaeubarenociee‚eteeroiecilrincetilir'acprciritum
1065 2570 1079 2598 ⁴*
1146 2571 1161 2598 ‘
1230 2570 1245 2596 '

599 2694 777 2717 ΝΝΜΝΙΝ

171 2782 186 2826 ³
206 2776 269 2825 Veiis
278 2777 365 2838 dicere,
375 2793 400 2831 rr.
411 2784 430 2828 t.
447 2779 602 2841 poreiecouj.
615 2778 756 2828 Heius-⁷
773 2745 847 2827 Idem
870 2776 962 2827 Heius.
985 2792 1051 2827 corr.
1073 2779 1247 2841 Nequaquam,-

139 2841 185 2890 sed
197 2839 263 2891 hanc
275 2841 377 2890 emend.
395 2841 451 2905 jam
469 2849 643 2917 proposuerat
662 2842 780 2892 Stat-8
797 2842 920 2904 Sertisque
935 2842 1035 2906 Assyrio
1054 2840 1160 2970 leffin
1173 2843 1245 2892 Stat.

138 2902 223 2953 sedin
241 2903 316 2954 codd.
327 2905 380 2954 raia
390 2904 490 2955 invenit
501 2905 580 2955 Sertis
596 2905 711 2969 Assyrio:
728 2904 827 2955 Avant.
849 2907 919 2970 conj.
932 2906 1011 2956 Sertis
1029 2920 1058 2955 ae
1126 2907 1155 2955 'a
1189 2904 1245 2954 Pro

139 2969 251 3030 fragrare
272 2969 389 3019 Broukb.
410 2975 438 3019 et
461 2969 505 3019 alii
515 2971 687 3035 flegma—9
703 2970 734 3019 ln
754 2971 871 3020 omuibus
889 2972 957 3021 Stat.
980 2969 1057 3021 codd.
1071 2970 1113 3019 'iric
1123 2975 1148 3019 et
1160 2968 1245 3020 elie.—

640 3099 746 3151 NOTAE

172 3195 286 3260 lFlaci]
317 3195 428 3248 Quinam
446 3210 462 3244 e
477 3196 565 3247 multia
579 3196 670 3246 Flauiis
708 3210 786 3259 porro
805 3195 905 3245 indicat
925 3202 1027 3245 veteres
1052 3193 1194 3257 unguentis
1216 3201 1244 3243 et

138 3272 236 3323 amicus
252 3273 302 3322 iste
318 3273 414 3324 Catulli
429 3272 517 3337 fuerit,
528 3274 604 3324 vaide
622 3275 668 3324 du·
708 3271 832 3321 odoribus
844 3271 921 3320 etiam
932 3271 960 3319 ia
971 3263 1047 3320 lectis
1059 3284 1126 3319 usca

138 3350 217 3400 bium.
740 3348 860 3398 ilEtltic
875 3345 972 3410 etiiiie]
1005 3346 1038 3395 In
1054 3346 1243 3406 duobaslocis,

169 3431 187 3474 6
203 3428 278 3487 Nam,
288 3429 311 3474 te
321 3440 368 3477 ron
378 3427 472 3494 υίάιιω]
502 3428 590 3478 Multa
603 3427 669 3477 indi·
708 3425 777 3490 quod
789 3425 883 3487 arguit,
891 3423 955 3472 duos
966 3423 1072 3472 cubare.

138 3508 199 3550 aaut
216 3509 243 3551 te
264 3516 314 3551 uon
330 3503 427 3553 cubare
445 3505 537 3554 solum.
582 3504 668 3554 Viduas
742 3505 773 3550 10
790 3499 908 3561 Attrita]
927 3497 1012 3548 Scorti
1023 3497 1197 3546 volutatione.

138 3583 224 3624 autem
243 3575 312 3625 dixit
327 3582 415 3639 mter,
437 3579 566 3642 quomodo
587 3580 666 3630 Ovid.
741 3575 833 3631 Οιιωεα
843 3575 897 3624 larii
905 3572 1048 3636 Argatoiio]
1064 3572 1192 3635 Argutari
1201 3580 1243 3623 est

137 3652 211 3700 ‘Cur
231 3665 281 3715 ego
299 3657 341 3701 tot
362 3653 453 3703 viduas
475 3655 551 3718 exegi
572 3654 667 3719 frigida
707 3652 836 3714 subsilire,
848 3657 877 3701 ut
895 3650 997 3701 Nouius
1016 3647 1101 3713 inquit
1119 3647 1146 3695 in
1164 3648 1242 3696 Fide·

138 3727 247 3778 uoctes.'
707 3728 760 3776 nia.
794 3722 1245 3788 Iudefitargutatio‚i.e.urbulta-

169 3810 186 3854 7
210 3802 383 3868 Nequieqaum]
417 3803 449 3853 ld
469 3809 519 3867 ert,
537 3819 604 3856 nou:
630 3807 667 3857 ita
707 3804 744 3852 tio
756 3804 782 3851 in
794 3804 873 3865 lecto,
882 3816 959 3866 qaam
971 3799 1072 3850 faciunt
1083 3806 1226 3848 amatores.

137 3881 226 3943 posuit
240 3880 335 3944 virgil.
352 3881 393 3929 ‘E
410 3894 507 3929 summo
524 3881 610 3946 clypei
624 3897 666 3932 ne·
740 3883 770 3928 ll
789 3876 958 3938 Inambulatia]
975 3877 1016 3925 Ex
1028 3875 1161 3939 frequenti
1172 3876 1243 3924 enim
1262 3939 1268 3952 .

138 3957 274 4019 quiequam
286 3954 398 4005 umbone
412 3955 555 4019 pependit!
707 3954 810 4002 illorum
829 3958 901 4002 motu
921 3951 1006 4000 lectus
1027 3949 1243 4011 concutiebatur,

169 4035 185 4080 8
201 4031 273 4094 Syrio
281 4031 354 4095 olivo]
387 4031 428 4080 Ex
446 4030 522 4096 Syrie
539 4046 666 4085 amomum
706 4035 735 4078 et
755 4026 942 4093 quodammodo
955 4025 1124 4076 deambulare
1136 4026 1243 4077 videba-

136 4106 261 4167 optimum
272 4105 515 4172 referebaturque]
526 4115 603 4159 vocat
610 4110 666 4160 llo·
705 4109 757 4154 tur.

136 4188 184 4249 rat
212 4181 424 4234 ‘Melabatbruur
450 4183 579 4247 Syrium3'
616 4185 665 4236 boc
