2774 4702
486 307 517 353 ῦ.
540 305 697 354 t'Aneitlr
723 303 886 354 cervini

493 620 698 689 CARMEN
720 614 879 688 LXXV.

561 790 612 837 sn
630 788 807 838 insursu.
856 752 858 756 ¹

182 934 321 1001 Nonou
335 942 446 1020 potest
459 939 575 1003 mulier
589 943 717 1004 tantum
732 956 770 1002 se
784 935 896 999 dicere
911 938 1059 1005 amatam

225 1036 324 1114 Vere,
339 1045 500 1121 quantum
516 1059 538 1103 a
551 1058 616 1117 me,
630 1038 765 1116 Losbia,
779 1043 905 1113 amate,
920 1055 1006 1112 mea,
1019 1053 1067 1098 es.

182 1136 287 1202 Nulla
301 1138 384 1204 fides
397 1139 467 1203 uile
479 1139 544 1203 fuit
556 1157 700 1221 unquam
713 1136 839 1202 foedere
854 1141 958 1211 tanta,

226 1235 363 1314 Quanta
376 1238 411 1301 in
422 1258 535 1302 emere
549 1245 609 1303 tue
625 1258 669 1302 ex
684 1243 780 1319 parte
794 1240 928 1319 reperta
943 1252 1020 1297 mea
1034 1236 1098 1296 est.

181 1336 282 1400 Nunc
297 1344 348 1402 est
361 1358 456 1402 mens
468 1339 617 1403 adducta
631 1345 702 1414 tua,
717 1357 793 1401 mea
807 1334 944 1411 Lesbia,
960 1333 1074 1414 culpe,
1216 1334 1239 1396 5

223 1434 334 1521 Atque
348 1440 398 1502 ita
413 1459 449 1503 se
464 1439 575 1503 officio
591 1437 735 1521 perdidit
748 1437 826 1519 ipsa
840 1435 918 1517 pio:
1080 1509 1085 1516 ,

182 1536 229 1602 Ut
238 1538 311 1621 jam
324 1559 384 1603 nec
397 1540 482 1604 bene
497 1541 582 1604 velle
595 1558 719 1622 queam
733 1538 808 1614 tibi,
824 1536 853 1600 si
869 1535 999 1619 optima
1011 1534 1088 1610 fiae,

173 1680 177 1691 ,
224 1637 300 1701 Nec
315 1637 472 1704 desistere
487 1659 610 1716 amare,
623 1639 737 1703 omnia
751 1638 781 1702 si
795 1637 914 1701 iacies.

170 1813 294 1867 omelia
307 1831 368 1880 meo,
381 1816 551 1878 aellofoemiro
565 1824 642 1880 potest
660 1831 764 1869 maere
773 1833 798 1866 se
814 1822 864 1866 tom
879 1831 932 1866 uere
943 1811 1135 1874 dilectomfuisoe
1151 1825 1240 1877 aquo·
1272 1831 1277 1838 ·

139 1893 226 1943 quam,
240 1895 308 1942 quum
320 1896 336 1928 o
346 1896 383 1930 me
392 1883 478 1930 dilecto
488 1898 520 1932 eo.
554 1883 628 1932 Nullo
643 1898 744 1946 unquam
753 1883 779 1930 io
783 1879 875 1941 feriere
885 1879 1010 1939 tontofuit
1059 1879 1137 1937 elitor,
1151 1876 1241 1939 peonio

138 1958 154 1991 o
164 1957 200 1992 ose
209 1942 354 1991 tlbioerooto
362 1945 431 1992 estin
442 1950 483 1992 teo
493 1959 580 1994 amore.
598 1947 655 1994 Joor
663 1960 725 1995 vero
736 1946 829 1993 ommes
839 1958 903 1992 mors
913 1945 981 2006 irrep
1045 1943 1050 1954 “
1073 1945 1116 1990 too
1125 1941 1242 1989 odonem

137 2011 182 2064 eet,
193 2021 208 2054 ο
224 2006 309 2054 Lesbio
319 2021 379 2068 meo,
391 2013 415 2056 et
425 2009 482 2056 odeo
492 2023 541 2058 me
551 2009 650 2073 confixit
660 2023 702 2056 sne
716 2023 780 2071 erge
791 2014 818 2057 te
827 2007 880 2072 fide
897 2007 1008 2066 integrm
1024 2009 1052 2052 ut
1067 2019 1140 2066 neque
1150 2003 1239 2066 possim

138 2083 200 2118 nero
209 2069 256 2117 tibi
266 2069 321 2119 berte
330 2072 587 2138 eupm‚qoomvisflos
596 2072 695 2136 optimo,
705 2087 778 2135 reque
787 2072 875 2121 eoesore
886 2075 911 2120 te
919 2070 1027 2134 diligere,
1037 2067 1146 2132 quioquid
1155 2081 1224 2129 ugos.

603 2195 784 2216 m

172 2281 186 2326 1
205 2275 280 2326 ‘Hos
291 2283 401 2342 quatuor
412 2292 479 2329 vers.
490 2279 588 2342 priores
598 2279 624 2327 in
635 2279 734 2344 antiqq.
751 2278 828 2329 codd.
845 2283 906 2343 post
925 2279 1009 2328 earm.
1026 2289 1140 2328 nxxxvr.
1159 2269 1242 2327 eollo·

139 2347 222 2401 catos,
232 2341 282 2389 hue
297 2343 431 2392 revocavit
439 2343 508 2403 Scri.
519 2345 604 2408 quem,
623 2343 683 2407 quia
694 2343 800 2405 egregie
811 2342 849 2392 illl
861 2357 920 2391 oum
930 2350 1040 2407 quotuor
1051 2339 1240 2405 posterioribus

140 2404 299 2480 conspirent,
321 2406 440 2471 plerique
459 2408 635 2456 recentiorum
652 2407 820 2464 secutisunt.
853 2406 974 2480 inprimis
983 2406 1063 2468 Vuip.
1075 2403 1183 2454 mirifice
1190 2405 1242 2454 hee

138 2481 242 2517 nomine
252 2469 357 2517 extollit
367 2483 473 2520 acumen
487 2471 558 2520 scal.
570 2474 599 2520 et
608 2469 666 2518 naeo
677 2474 787 2534 quatuor
799 2469 911 2519 disticha
922 2468 1007 2518 veleb
1018 2469 1075 2532 ipso
1087 2468 1192 2535 Catullo
1203 2469 1242 2518 ita

139 2532 829 2647 tillttititlllti‘titsrtiiiiilliim’
839 2531 1241 2645 illitilzttitiiultlt

139 2608 211 2707 igere
233 2660 328 2723 integri
346 2632 469 2723 poematii
485 2613 680 2721 immotae
689 2660 779 2709 haberi
791 2633 930 2723 poterant!
945 2610 1068 2709 iilum-4
1081 2609 1241 2726 zanunim

139 2733 218 2771 onore
227 2738 269 2772 reo
280 2724 306 2772 iu
317 2723 384 2773 Stat.
397 2730 425 2773 et
433 2725 505 2786 oliis3
523 2725 621 2780 Quanto
636 2724 663 2772 ie
678 2739 758 2772 umore
772 2738 813 2772 suo
831 2723 858 2771 in
875 2722 974 2786 Gryph.
986 2727 1014 2771 et
1024 2723 1094 2770 Mur.
1119 2729 1161 2770 teo
1171 2722 1243 2770 exhi·

139 2785 205 2834 bert
216 2801 303 2835 omnes
315 2786 383 2836 Stat.
394 2788 517 2838 codo-e
535 2789 592 2836 Here
601 2793 637 2837 est
654 2802 717 2836 meur
726 2789 826 2837 &dueta
844 2786 871 2835 iu
881 2787 989 2836 Venett.
1003 2785 1104 2848 Gryph.
1123 2790 1151 2834 et
1167 2785 1240 2835 Mun·

140 2849 220 2972 {aelith
232 2855 349 2961 gqstttragq
360 2851 475 2974 ¹{ixpucoti
493 2865 538 2900 soe
555 2851 678 2914 produxit
702 2850 771 2900 Seal.
789 2864 897 2914 eumque
914 2849 997 2900 secuti
1011 2850 1087 2898 Voss.
1099 2848 1149 2899 Ed.
1164 2849 1242 2899 Cant.

571 3096 573 3101 .
635 3057 741 3133 norm
947 3046 961 3073 ⁴

173 3171 187 3216 1
206 3166 279 3217 Nullo
288 3172 364 3231 potest
375 3169 472 3233 melier]
493 3169 586 3220 Fidem
596 3183 667 3238 susm
708 3169 751 3220 titi
762 3168 885 3234 captique
897 3173 966 3230 suut,
978 3168 999 3218 si
1014 3168 1108 3232 puellm
1124 3183 1179 3219 sun
1196 3171 1242 3221 ali-

140 3243 268 3308 praediest
277 3246 326 3295 hoe
344 3246 537 3309 Epigrammete
549 3248 668 3297 Catullus
707 3257 751 3292 um
763 3259 865 3309 qnoque
876 3246 987 3308 aliquem
998 3245 1103 3308 plaeere
1115 3245 1243 3307 sentiunt,

70 3348 73 3353 -
139 3319 396 3384 inLesbiam,qnam
412 3320 439 3369 iu
459 3335 546 3370 emere
562 3321 668 3371 minime¹
708 3332 739 3367 eo
761 3319 844 3368 aerina
865 3317 1054 3368 incenduntur:
1089 3318 1160 3367 uude
1182 3332 1241 3369 cum

140 3395 190 3443 sibi
206 3395 284 3444 fuisse
302 3393 407 3444 fidelem
425 3396 525 3459 arguit:
549 3395 618 3445 uode
630 3396 668 3446 ait
708 3393 819 3456 perditae
838 3393 958 3443 mulieres
977 3391 1090 3455 aliquem
1106 3391 1241 3444 inaniore

140 3482 194 3516 non
204 3482 280 3530 posse
301 3483 328 3516 se
347 3469 372 3517 ei
389 3469 454 3517 bene
466 3470 542 3531 velie,
552 3471 667 3534 quemvis
710 3469 800 3518 volunt
811 3467 931 3529 retinete,
941 3467 1049 3516 rivalem
1067 3466 1181 3529 aliquem
1197 3481 1243 3532 op·

139 3541 353 3604 nonpossiteam
366 3556 418 3590 nou
438 3557 534 3606 amare,
550 3544 670 3608 quicquid
711 3548 818 3607 ponunt.
851 3542 910 3591 Hae
927 3548 1069 3591 artensem
1086 3539 1244 3593 fuissslaes·

140 3614 228 3665 faeiat.
268 3615 358 3664 Fuisse
377 3616 482 3665 videtur
502 3618 618 3667 Catullus
637 3634 671 3668 ex
710 3618 777 3668 biom
788 3618 906 3668 hocloco
917 3616 1080 3682 apertissime
1092 3615 1232 3668 iudicatur.

141 3689 183 3752 iis,
195 3688 285 3754 qui,ut
293 3679 380 3738 'semel
395 3691 488 3740 amoris
500 3692 597 3755 laqueis
608 3693 670 3742 irre·
