2774 4702
486 295 519 342 0·
544 289 702 341 vsnsstr
726 290 892 341 curvent

267 436 391 502 Passer
399 441 558 503 mortuus
572 443 624 502 est
637 457 722 503 mese
737 437 871 521 puellos,

268 538 406 618 Passer,
421 539 553 605 deliciae
567 557 651 603 mese
665 540 799 622 puellae,

269 639 380 718 Quem
395 640 472 723 plus
487 639 548 703 illa
563 640 674 709 oculis
690 640 759 703 suis
775 641 930 704 amabat:

270 739 362 804 Nam
376 739 524 804 mellitus
539 746 623 817 erut,
640 759 801 822 suamque
814 746 912 804 norat

271 843 389 926 Ipsam
404 848 472 908 turn
486 844 581 921 bene,
596 862 698 925 quam
715 841 826 926 puella
840 849 998 907 matrem:

272 945 348 1010 Nec
363 963 438 1008 sese
454 964 475 1008 a
488 944 615 1026 gremio
629 945 720 1008 illius
735 945 912 1024 movebat3

272 1046 342 1110 Sed
356 1045 596 1110 circumsiliens
611 1047 710 1110 modo
723 1046 798 1124 huo,
811 1047 913 1110 modo
928 1044 1019 1122 illuc,

272 1146 328 1212 Ad
345 1148 452 1212 solam
467 1147 638 1211 dominam
650 1147 950 1230 usquepipilabat.
1206 1146 1251 1210 10

273 1248 345 1329 Qui
359 1269 447 1314 nnnc
462 1250 490 1313 it
504 1248 644 1332 puriter
661 1248 919 1324 tenebricosum,

273 1350 376 1429 Illuc,
391 1351 482 1414 unde
494 1356 614 1433 negant
628 1350 735 1414 redite
750 1369 960 1433 quenquam:

272 1451 320 1521 At
336 1454 433 1517 vobis
447 1451 536 1516 male
552 1453 608 1529 sit,
624 1452 724 1516 rnalae
740 1453 886 1516 tenebrae

273 1551 366 1629 Orci,
382 1572 457 1635 quoe
473 1554 587 1617 omnia
600 1553 689 1616 bella
703 1553 893 1618 devoratis:

272 1653 359 1718 Tam
373 1654 495 1718 bellum
510 1655 590 1718 mihi
602 1675 773 1739 passerem
788 1654 984 1721 abstulistis.
1209 1656 1254 1722 15

274 1753 307 1817 Ο
320 1753 445 1818 factum
460 1755 567 1819 mule!
604 1754 635 1817 Ο
651 1756 779 1820 miselle
794 1775 921 1840 passer,

143 1951 206 1986 rum.
238 1936 327 1985 Posser
343 1935 427 1986 omisso
443 1951 501 1986 ureoe
519 1937 640 1987 extinctus
660 1943 704 1997 ost,
724 1953 813 2002 passer,
830 1939 937 2003 voluptas
948 1938 1030 1987 emico
1045 1951 1112 1998 moro,
1122 1946 1190 1999 quem
1200 1936 1256 2000 ipso

144 2000 221 2050 brebis
231 2001 280 2049 suis
290 2001 404 2050 sonorem
413 2001 529 2051 bobebot:
545 2008 596 2051 oroi
609 2004 672 2052 euim
681 2003 765 2065 imru,
783 2008 807 2052 et
819 2019 883 2066 oeque
898 2002 1037 2065 agnoscebat
1048 2002 1167 2050 domiuum
1176 2015 1256 2062 mom,

145 2070 173 2113 ut
183 2065 260 2128 psello
270 2064 377 2126 agnoscit
385 2072 508 2128 parentem
518 2082 599 2115 neom:
615 2082 688 2130 noque
698 2067 819 2117 resedebat
830 2068 860 2115 ob
875 2067 925 2128 ejus
935 2068 998 2128 nuo,
1014 2069 1055 2115 sed
1064 2066 1257 2114 circumuolitans

144 2143 206 2177 sono
217 2129 510 2192 committendorum
520 2131 600 2180 beram
610 2145 700 2194 semper
707 2132 811 2195 pipieboi
821 2146 831 2189 ,·
849 2131 1037 2194 quijomfortur
1050 2144 1092 2195 per
1100 2131 1164 2178 oium
1173 2129 1256 2178 obseo-

145 2207 207 2253 rom,
219 2207 254 2255 oo,
265 2195 326 2243 nube
336 2195 418 2243 dieunt
436 2196 552 2244 nemiuem
568 2196 612 2245 buo
631 2196 728 2245 reverti.
762 2197 817 2245 libi
834 2210 888 2244 soro
905 2199 965 2244 mulo
980 2198 1080 2256 oedot,o
1091 2193 1198 2256 improbo
1207 2208 1259 2242 uox

147 2256 292 2322 inferorum,
302 2273 354 2321 quoe
364 2257 472 2308 absorbes
488 2275 527 2309 res
541 2274 620 2310 omues
630 2264 753 2310 onustos:
771 2259 882 2324 eripuisti
890 2260 949 2309 mibi
963 2274 1081 2323 passerem
1091 2261 1150 2307 odeo
1160 2260 1257 2320 elegos·

182 2468 198 2513 4
215 2464 268 2514 Hie
280 2479 369 2515 uersus
382 2465 454 2515 abest
472 2465 505 2515 ab
516 2466 586 2516 Stet.
602 2467 679 2516 codd.
693 2474 720 2517 et
732 2465 847 2529 plurimis
865 2466 925 2517 edd.
945 2466 991 2515 sed
1010 2466 1078 2516 Seni.
1098 2467 1195 2515 eumin
1208 2482 1257 2517 sno

148 2528 208 2578 cod.
220 2529 337 2579 invenit:
356 2537 464 2580 tuentur
481 2531 592 2580 eundern
605 2529 684 2580 Aldd.
698 2537 726 2580 et
737 2532 813 2581 Ceut.
826 2546 859 2580 ex
870 2531 923 2580 fide
934 2532 1048 2580 Mss.-7
1066 2532 1124 2593 Ipso
1136 2531 1212 2580 Voss.
1229 2539 1260 2582 et

148 2595 216 2643 Stet.
226 2594 368 2644 eodm-1⁰
385 2593 481 2645 Arent.
490 2595 629 2658 legendum
641 2596 766 2645 censebat
784 2596 916 2658 populabor,
936 2596 1071 2643 Manutius
1079 2595 1220 2658 pippiebot:
1231 2597 1258 2644 in

148 2655 223 2707 Msff.
233 2658 253 2708 l.
262 2659 362 2722 piabor,
373 2659 442 2709 unde
454 2660 519 2709 Stet.
528 2660 655 2722 seriptum
666 2657 746 2708 fuisse
756 2659 914 2722 opinabatur
924 2658 1064 2722 piplibobot:
1086 2660 1129 2707 nlii
1138 2659 1261 2722 piplobot,

145 2722 273 2786 pipilebog
282 2722 464 2785 pipiebnt.-ll
482 2724 515 2773 In
526 2725 594 2773 Stet.
603 2723 681 2774 codd.
688 2724 907 2774 tenebrosum—12
917 2725 981 2772 Illud
987 2723 1171 2772 habeutiidern
1179 2724 1260 2772 codd.

147 2790 214 2834 -16
231 2785 427 2844 Booumfooinm
437 2789 506 2849 niolo,
516 2787 587 2836 bonus
596 2788 637 2836 illo
646 2803 736 2850 passer,
748 2802 837 2837 omnes
855 2788 923 2837 Stat.
936 2787 1014 2836 codri.
1034 2786 1102 2836 uude
1114 2788 1173 2836 VV.
1193 2788 1257 2838 DD.

147 2849 269 2911 legerunt
289 2856 319 2897 ut
330 2851 355 2897 in
366 2856 455 2898 nostro
467 2856 559 2898 textu:
578 2851 691 2912 pressius
709 2851 838 2900 inlraerens
858 2851 975 2914 vestigiis
994 2851 1132 2915 legendum
1153 2852 1261 2914 putavit

151 2913 216 2962 Mel.
235 2913 258 2960 0
274 2911 370 2972 foetum
391 2914 460 2976 molo,
478 2928 515 2963 ooe
532 2914 618 2976 pusille
635 2927 734 2976 passer:
751 2913 832 2965 Aldd.
853 2922 882 2964 et
893 2915 976 2965 Collo.
995 2915 1104 2980 hebent,
1120 2916 1193 2965 bellus
1215 2917 1259 2966 iile

651 3066 757 3118 NOTAE

188 3182 218 3237 ιο
245 3177 378 3241 Pipilobot]
412 3174 643 3245 Frequentstivnru
668 3197 684 3230 a
723 3184 846 3234 Cererem
864 3185 1014 3235 rideretur!
1047 3185 1165 3235 Sumitur
1176 3186 1259 3236 etism

152 3255 225 3320 pipo,
244 3269 282 3305 ss.
326 3255 403 3305 Unde
424 3254 525 3306 Auctor
548 3256 633 3306 Cerrn.
650 3257 683 3306 de
722 3275 769 3323 pro
779 3261 836 3325 ipso
847 3259 996 3310 Inferurum
1008 3260 1076 3325 loeo,
1088 3267 1118 3310 ut
1128 3261 1171 3310 hie
1182 3277 1198 3310 a
1211 3264 1261 3314 Co·

152 3333 263 3383 Pbilorn.
282 3349 319 3383 vs.
336 3338 376 3385 24.
392 3333 561 3399 ‘Accipitres
581 3334 683 3399 pipant,
723 3336 831 3400 tullo‚'et
842 3352 857 3387 s
869 3337 994 3402 Propert.
1008 3337 1055 3388 lib.
1067 3351 1109 3387 111.
1126 3339 1262 3390 ubivoes·

150 3410 248 3460 Miluus
267 3409 392 3474 nisusque
413 3409 491 3474 ripis!
533 3411 616 3461 Varro
639 3426 682 3475 sp.
723 3420 766 3462 tur
784 3414 869 3463 Minos
886 3411 1014 3463 ‘Arbiter
1033 3412 1117 3475 0rei,’
1134 3420 1261 3479 tunquam

149 3486 629 3551 Noncontrnseutit:‘Mugitbos‚’
643 3488 683 3538 in·
723 3486 869 3538 inferorum
910 3488 996 3552 ‚index
1033 3494 1062 3538 et
1098 3489 1261 3541 moderator.

149 3562 216 3627 qrrit,
230 3561 238 3589 ‘
250 3562 322 3610 balat
338 3563 403 3624 ovis,
415 3563 475 3628 equi
485 3563 616 3629 hinniunt,
628 3565 683 3629 gal·
723 3563 835 3613 Theocr.
846 3571 925 3613 vocat
938 3563 1049 3628 Oreum,
1065 3560 1174 3626 ἀνέξοδον
1189 3565 1262 3629 Ἀχέ-

147 3636 305 3701 liuspiprt!
722 3656 802 3703 porro.

182 3716 214 3762 1³
233 3712 343 3762 Tenobroe
354 3713 423 3776 Oroi]
456 3713 539 3764 Oreus
559 3730 574 3764 s
592 3717 684 3766 reteri·
756 3718 788 3764 16
806 3716 929 3777 Ofootum
942 3717 1016 3780 mole]
1050 3716 1104 3767 Ubi
1116 3716 1179 3782 quid
1192 3717 1260 3768 infe·

150 3789 351 3842 buslnferorum
359 3795 431 3842 Deus
439 3802 480 3844 est
487 3793 599 3859 habitus,
607 3810 683 3859 quern
723 3793 812 3842 liciter
822 3800 954 3858 euenerat,
964 3795 1028 3844 illud
1036 3796 1224 3860 usurpabunt,‘
1234 3798 1259 3847 0

149 3876 178 3918 et
188 3869 371 3932 Plutonem,et
381 3870 471 3919 Ditem
483 3876 583 3932 petrem
593 3870 683 3933 appel·
723 3867 822 3918 fectum
834 3869 900 3918 ursle
908 3871 923 3918 !’
946 3871 1016 3919 sient
1027 3878 1120 3921 contra
1134 3870 1160 3921 in
1179 3873 1261 3922 certis

149 3944 249 3994 labant.
282 3944 358 3995 Unde
370 3946 426 3996 Cic.
438 3945 463 3995 iu
475 3947 599 3995 Verrem:
611 3950 619 3975 ⁴
632 3947 682 3996 Hic
723 3950 751 3993 et
763 3945 891 4008 prosperis
904 3945 1006 4008 rebus,‘
1017 3947 1042 3996 0
1054 3945 1153 3996 iactum
1165 3947 1234 3997 bene
1243 3947 1260 3996 Ρ

150 4019 223 4067 dolor
234 4028 290 4070 ernt
302 4028 400 4080 tantus,
412 4029 441 4071 ut
450 4022 548 4070 Verres
556 4022 622 4070 siter
631 4022 682 4072 0r-
723 4020 866 4085 Utriusque
878 4022 998 4084 exempla
1010 4021 1103 4072 crebre
1115 4028 1177 4072 sunt
1190 4023 1259 4088 apud

151 4107 198 4143 eus
207 4097 309 4146 venisse
319 4100 430 4160 Enunm,
446 4104 475 4147 et
487 4112 537 4146 non
548 4097 682 4161 Proserpi·
722 4096 828 4146 Terent.
840 4102 867 4146 et
879 4096 965 4146 Pleut.

103 4189 110 4205 κ
151 4183 210 4218 nsnr
222 4180 376 4234 asportasse,
389 4173 435 4223 sed
447 4173 528 4238 ipsum
539 4171 682 4234 abripuisse
