2774 4702
451 344 500 393 nn
524 343 666 394 narnus
690 343 866 394 curuum.
1170 328 1214 394 37

147 489 233 550 xlv.
269 486 385 549 Decimi
419 487 519 566 quarti
550 487 662 567 generis
690 495 735 546 est
763 484 997 556 Galliambicus;
1033 505 1093 566 quc
1122 487 1215 549 utitur

108 570 212 630 Carm.
237 583 343 628 ant.
383 568 433 646 [ln
457 568 663 628 constituendo
687 568 777 646 hujus
800 568 898 629 Casan.
924 574 1027 637 metro,
1052 587 1122 627 curn
1149 566 1214 646 ejus

108 650 187 709 ratio
208 669 268 708 nnn
291 650 361 709 satis
388 660 541 726 perspecta
562 648 650 721 esset,
676 668 730 707 uec
755 648 790 707 ad
807 648 911 708 veteris
931 648 1059 725 exempli
1081 666 1214 708 normam

107 728 188 808 exigi
203 739 316 808 posset,
332 728 418 788 valde
432 729 508 789 inter
522 729 600 788 viros
615 728 721 788 doctos
736 728 936 806 disceptatum
951 727 1017 799 tuit,
1032 726 1119 800 adeo,
1135 740 1215 789 utex

107 811 283 889 opinionum
298 809 439 869 varietate
453 809 525 868 mira
539 828 659 886 quoque
674 808 702 867 iu
719 818 802 868 textu
823 817 909 868 enata
921 808 959 866 sit
973 807 1108 868 lectionis
1123 809 1215 870 varic·

110 899 157 950 tas
172 898 203 950 et
218 889 404 969 depravatio.
447 891 492 948 Ex
507 890 652 963 sententia
665 889 763 967 Vulpii
774 888 959 948 Galliambus
970 897 1087 948 constat
1098 908 1149 948 ser
1163 909 1216 968 pe·

110 969 212 1042 dibus,
229 990 355 1049 quorum
371 970 451 1047 prior
460 968 644 1049 frequentius
655 978 701 1030 est
710 978 889 1048 anapaestus,
905 987 1115 1048 nonnunquam
1127 988 1217 1048 spon·

110 1050 195 1110 dacus
221 1052 267 1108 vel
292 1050 479 1129 tribrachys:
509 1049 658 1109 secundus
678 1049 738 1110 fere
762 1050 889 1120 iambus,
914 1049 1008 1109 rarius
1036 1060 1215 1129 anapaestus,

110 1130 278 1209 tribrachys
301 1130 346 1188 vel
372 1129 529 1209 dactylus:
559 1130 664 1190 tertius
691 1148 772 1208 saepe
794 1130 921 1201 iambus,
946 1149 1012 1188 rara
1034 1131 1214 1208 spondaeus:

110 1220 238 1289 quartus
250 1210 389 1289 dactylus
406 1212 452 1270 rel
468 1210 647 1287 spondaeus:
669 1211 790 1287 quiutus
811 1231 890 1289 sape
905 1208 1053 1288 dactylus,
1068 1210 1216 1270 interdum

110 1300 210 1350 tamen
230 1291 358 1351 creticus
373 1299 427 1351 aut
441 1289 622 1368 spondaeus:
646 1290 765 1349 ultimus
780 1300 948 1370 anapaestus
959 1299 991 1349 et
1004 1310 1217 1369 nonuunquam

109 1370 229 1429 iambus
251 1370 439 1449 praecedente
465 1371 588 1430 cretico.
632 1370 814 1430 Warthesius
839 1370 1002 1431 Galliambi
1016 1371 1140 1431 Schema
1154 1391 1216 1431 me·

109 1450 218 1510 tricum
232 1451 366 1511 exhibuit
379 1451 456 1510 hoc:

294 1579 382 1612 υυ-
440 1579 496 1613 υ·-
554 1580 610 1613 V*-
657 1580 745 1614 -υυ
787 1580 875 1614 -υυ
911 1579 1000 1612 υν-

315 1653 365 1664 --
424 1642 518 1678 υυυ
672 1655 722 1666 --
804 1656 855 1665 --
912 1643 1005 1678 υυυ

295 1707 388 1742 υυυ
425 1707 513 1741 uu-

112 1805 171 1865 Sed
188 1805 317 1876 licinius,
334 1804 525 1884 peritissimus
540 1807 643 1867 harum
662 1827 758 1867 rerum
774 1806 921 1885 magister,
935 1814 1039 1866 contra
1062 1804 1218 1866 Warthesii

113 1886 255 1945 rationem
274 1886 431 1965 proposuit
454 1887 550 1947 hanc:
574 1889 787 1958 ‘Wertbesins‚
801 1889 831 1947 in
846 1886 1023 1966 exponendo
1038 1895 1131 1946 metro
1145 1887 1218 1946 Gal·

114 1967 255 2026 liambico
270 1966 459 2026 vehementer
471 1986 489 2025 a
503 1967 625 2028 veritate
639 1969 794 2039 aberravit,
807 1970 891 2028 metri
906 1987 1019 2028 caesura
1034 1966 1174 2036 tollenda,
1187 1975 1219 2027 et

112 2046 180 2120 ejus
197 2046 290 2105 tribus
313 2046 420 2106 ultimis
436 2048 574 2125 pedibus,
593 2057 744 2127 anapaesto
766 2059 797 2109 et
814 2049 933 2107 duobus
954 2046 1068 2117 iambis,
1093 2047 1122 2104 in
1141 2046 1217 2106 duca

114 2127 251 2205 dactylos
265 2136 295 2186 et
310 2136 494 2205 anapaestum
521 2129 683 2189 vertendis.
723 2130 793 2189 Non
814 2128 963 2206 cogitavit,
990 2145 1134 2187 caesuram
1153 2145 1217 2186 esse

113 2207 286 2284 duplicem:
308 2207 395 2268 aliam
410 2207 558 2285 pudicam,
575 2219 607 2268 ut
621 2210 793 2276 hexametri,
815 2210 901 2269 aliam
916 2227 986 2268 vero
1007 2207 1172 2275 metricam,
1186 2214 1219 2266 ut

114 2287 303 2364 pentametri.
346 2288 456 2347 Podica
469 2288 498 2348 in
512 2288 589 2364 pede
606 2289 758 2368 trisyllaba
769 2287 982 2350 iu'alterutram
997 2308 1014 2347 e
1027 2287 1142 2347 duabus
1157 2286 1216 2362 pri-

115 2367 218 2432 oribus
232 2368 352 2447 syllabis
367 2367 473 2427 cadere
486 2378 600 2446 potest:
626 2370 749 2429 metrica
764 2369 835 2429 nihil
850 2370 954 2439 variat,
965 2377 999 2427 ut
1013 2387 1067 2436 nec
1082 2367 1110 2425 in
1121 2366 1217 2425 Galli·

114 2448 217 2517 amho,
233 2447 285 2527 qui
299 2468 361 2508 eam
373 2447 473 2509 habet.
501 2447 583 2508 *Non
595 2450 699 2512 debuit
709 2449 798 2528 igitur
809 2449 971 2512 Galliambi
986 2467 1137 2518 caesuram,
1149 2465 1216 2526 quaa

20 2569 24 2575 -
116 2527 241 2591 metrica
255 2535 309 2602 est,
326 2524 466 2607 pudicam
480 2528 614 2608 tacerel]
