2774 4702
184 335 250 400 246
533 348 564 395 o.
589 346 748 394 vnnunrr
773 345 936 395 coruunt

229 492 309 558 Non
323 489 376 554 his
390 497 460 554 tom
470 489 566 554 laetor
579 489 691 566 rebus,
702 506 803 571 quem
817 506 870 550 mo
882 485 997 550 abfore
1011 505 1150 570 semper,
1237 489 1285 553 75

270 592 398 657 Absore
412 611 466 654 me
479 609 501 653 a
515 590 660 654 dominae
675 589 798 653 vertice
813 587 1016 651 discrucior:

228 693 299 772 Qui
313 713 388 756 cum
401 711 475 775 ego,
488 691 566 754 dum
580 691 673 772 virgo
687 689 854 772 quondam
866 688 942 765 suit,
958 689 1111 753 omnibus
1124 692 1246 772 expers

270 793 468 874 Unguentis,
483 812 552 855 una
565 792 671 855 millia
683 790 790 855 multo
803 789 886 853 bibi.

227 895 328 959 Nunc
342 911 416 968 vos,
430 897 545 975 optato
559 911 645 974 quas
655 891 770 975 junxit
782 890 905 954 iumine
920 890 1021 966 tuedo,

269 992 351 1056 Non
365 993 457 1074 prius
471 993 638 1055 unanimis
653 1010 793 1075 corporo
805 991 1004 1073 conjugibus

226 1093 376 1169 Tradite,
392 1093 555 1157 nudantes
570 1092 694 1175 rejecta
708 1097 800 1156 veste
814 1092 970 1174 papillas,

270 1192 383 1271 Quem
393 1193 542 1275 jucunda
555 1193 637 1257 mihi
649 1212 786 1258 munero
799 1193 882 1257 libet
896 1212 1004 1276 onyx:

180 1405 280 1454 sineere
291 1404 375 1452 mentis
386 1419 459 1453 meae.
493 1406 550 1455 Non
561 1411 653 1455 tontum
663 1408 754 1468 gaudeo
765 1421 802 1455 me
809 1407 856 1468 iris,
865 1404 958 1468 quibus
969 1402 1048 1465 fruor,
1059 1402 1125 1452 donis
1140 1416 1190 1451 esse
1203 1416 1284 1452 cumu-

182 1469 265 1530 iotom,
275 1473 387 1530 quantum
400 1470 464 1516 doleo
476 1484 512 1519 me
522 1471 548 1519 in
559 1478 695 1533 perpetuum
705 1476 838 1534 uporotum
849 1470 882 1518 iri
898 1485 913 1517 o
928 1469 1005 1531 sopite
1015 1467 1116 1528 Regino
1129 1467 1284 1529 Berenices,

181 1547 234 1580 cmo
245 1547 290 1595 qua
306 1545 355 1594 ego
371 1534 421 1580 soto
435 1534 505 1592 pluro
520 1535 595 1582 mittio
610 1540 780 1595 unguentorum
796 1533 903 1596 exhausi,
919 1545 1057 1595 quanquam,
1071 1532 1126 1578 dum
1141 1530 1210 1592 oirgo
1219 1529 1285 1590 fuit,

181 1596 273 1644 cunctis
281 1596 358 1644 coruit
371 1595 520 1656 unguntum.
552 1597 610 1646 dom
620 1613 694 1658 oos‚o
710 1612 783 1646 norae
794 1605 893 1658 nuptae,
903 1595 1015 1659 quassos
1024 1593 1138 1657 numinis
1146 1595 1285 1643 Meidmoto

182 1661 233 1707 tuce
243 1660 367 1723 copulavit,
377 1675 423 1707 son
438 1667 494 1708 unte
511 1661 607 1709 moritis
621 1661 770 1709 concordibus
785 1675 882 1723 corporo
899 1663 977 1708 cedro
992 1658 1134 1720 permittite,
1147 1659 1285 1719 detegentes

182 1722 272 1772 omidu
288 1729 376 1773 remoto
392 1725 517 1787 mamitos,
535 1739 603 1786 quam
618 1730 698 1774 oestro
712 1724 785 1788 pyxis
800 1722 915 1787 onychino
932 1721 1018 1786 offero
1039 1721 1098 1769 miii
1115 1724 1191 1782 grato
1210 1724 1283 1770 dono.

642 1855 823 1874 mm

182 1941 371 1988 monam-re.
380 1943 414 1988 ’16
430 1939 470 1987 Ex
482 1939 687 1987 membranarum
699 1938 783 1987 lituris
795 1938 863 1987 eruit
879 1937 980 1987 Marcii.
991 1952 1059 2000 quum
1074 1951 1111 1986 me
1120 1936 1285 1997 ahsoresem·

180 2018 234 2065 per,
253 2001 356 2058 Ahfore
376 2017 413 2050 me
434 2003 583 2051 udominoe:
601 2005 626 2050 in
645 2005 712 2051 Stat.
725 2001 799 2052 codd.
823 2001 899 2066 offrre
910 2002 1162 2066 utroqueioco.—ii
1181 2002 1284 2052 Omnes

182 2065 259 2114 codd.
272 2073 299 2113 et
311 2066 372 2114 edd.
389 2072 454 2114 vett.
467 2067 590 2115 exhibent
607 2067 713 2115 omnihus
730 2080 814 2128 expers
819 2082 829 2123 ,·
850 2066 909 2116 ioh.
928 2065 1042 2114 Auretrrs
1061 2063 1192 2127 (D'Orat)
1210 2065 1284 2131 conj.

182 2129 268 2178 uotiuis
278 2143 363 2191 expers
374 2130 501 2193 probante
521 2131 623 2179 Passer.
649 2132 704 2179 dum
724 2131 838 2193 quondam
848 2128 1092 2190 virgosuitomnidus
1105 2143 1218 2190 expresso
1231 2129 1285 2177 Un-

180 2193 353 2254 gumtisStat.
377 2196 433 2243 dum
452 2195 519 2255 virgo
538 2196 651 2256 quondum
661 2194 715 2253 suit
732 2193 837 2258 omndus
852 2207 945 2256 osperso
964 2192 1098 2253 tinguentis
1107 2191 1211 2240 Marcii.
1239 2206 1286 2242 cx·

181 2272 251 2319 perso
262 2254 353 2306 Heius.
380 2260 476 2320 expiens
491 2257 575 2321 signif.
590 2259 692 2320 passive
703 2273 749 2321 pro
770 2256 910 2321 ‘explete'
926 2257 981 2306 rire
1003 2256 1126 2318 ‘explens
1143 2255 1191 2316 seg
1210 2256 1285 2319 conj.

184 2321 264 2370 Doer.
291 2326 388 2384 expecto
400 2322 440 2371 rel
451 2324 561 2384 adsperso
571 2322 689 2372 atii-re
707 2323 748 2371 ite
758 2321 800 2369 hic
811 2335 914 2384 quoque
924 2335 1014 2369 versus
1022 2319 1118 2383 iegitur
1125 2320 1151 2367 iu
1162 2319 1285 2368 omnibus

181 2383 259 2434 codd.
270 2391 297 2433 et
308 2384 368 2434 edd.
377 2392 442 2435 vett.
454 2386 556 2435 Passer.
568 2386 698 2446 tentabat,
713 2385 835 2447 Ungumti
843 2384 948 2447 Assyrii,
958 2384 998 2432 rei
1009 2384 1131 2444 Unguenti
1144 2382 1222 2443 Sturii,
1235 2397 1286 2447 pro

181 2447 266 2511 dhrim
276 2449 351 2498 Voss.
385 2450 527 2511 Unguentis,
538 2450 650 2511 mureto,
676 2448 726 2498 uod
736 2448 811 2498 eride
820 2448 1060 2510 receperuntVuip.
1072 2453 1100 2495 et
1111 2446 1160 2496 Ed.
1173 2461 1286 2502 enon.-

182 2516 214 2560 ro
231 2512 283 2561 Hic
295 2527 384 2562 versus
395 2513 432 2562 ita
441 2514 537 2576 legitur
553 2515 580 2562 in
589 2513 651 2563 Aid.
659 2465 735 2563 iant.
743 2512 847 2576 ,Gryph
858 2511 928 2560 Mnr.
945 2511 1013 2560 Stat.
1026 2510 1114 2561 Graer.
1125 2517 1153 2560 et
1165 2511 1242 2559 Cant.
1255 2518 1289 2584 et

132 2615 136 2619 .
182 2575 220 2624 sic
231 2576 332 2624 omnino
343 2577 395 2639 legi
406 2577 483 2638 jussit
495 2577 669 2624 omunstat.
689 2577 765 2624 codd.
775 2576 900 2623 exhibent
918 2589 984 2636 prtem
997 2573 1083 2633 junxit
1093 2579 1123 2623 ut
1134 2574 1160 2622 iu
1177 2575 1286 2628 Marcel.

181 2639 346 2699 membranis,
358 2641 399 2687 rei
407 2653 475 2701 quem
485 2639 581 2687 uinxit.-
600 2639 667 2689 Stat.
677 2645 705 2687 et
716 2638 817 2686 Marcii.
831 2637 895 2700 conj.
913 2636 1067 2701 qrreisjuncit
1074 2652 1085 2694 ,·
1105 2637 1132 2686 in
1142 2637 1211 2686 stat.
1221 2637 1284 2687 cod.

181 2703 347 2766 puoejunxit3
367 2701 424 2750 vide
443 2702 477 2750 ad
496 2718 534 2752 vs.
550 2707 591 2751 82.
615 2702 658 2750 alii
677 2703 713 2751 At
728 2716 778 2759 oos,
798 2706 878 2763 optoto
893 2700 1114 2762 quesierunt—80
1131 2700 1163 2748 In
1177 2701 1284 2751 Marcii.

181 2767 345 2825 membranis,
363 2767 420 2814 Non
438 2770 493 2827 poet
510 2781 556 2814 uno
574 2766 669 2814 unimus
687 2780 802 2827 corporo5
829 2764 856 2812 in
867 2765 933 2812 Stat.
949 2771 975 2812 et
986 2763 1055 2813 Scai.
1067 2762 1143 2812 codd.
1161 2764 1219 2812 Non
1227 2772 1287 2826 post

180 2830 300 2877 unanimis
310 2843 424 2890 corporat
440 2829 466 2874 in
482 2828 610 2878 nonnuliis
626 2834 692 2877 vett.
710 2829 802 2876 oioeuio
820 2842 868 2889 pro
885 2831 1054 2889 corporo-81
1072 2826 1104 2875 In
1120 2828 1189 2877 Stat.
1202 2829 1285 2878 codd.

180 2894 271 2940 detecto
279 2895 415 2938 ueste—82
434 2891 513 2944 Quum
524 2892 630 2949 jucundo
641 2906 673 2939 m.
689 2906 721 2939 m.
733 2891 791 2939 libat
811 2891 880 2953 conj.
899 2891 1002 2940 Marcii.
1031 2892 1091 2945 Quae
1104 2891 1129 2938 in
1141 2891 1210 2940 Scal.
1222 2892 1285 2941 cod.

132 2980 148 2989 ·
182 2954 256 3017 cnjus
276 2952 337 3001 ioc'o
351 2952 466 3014 reposuit
487 2954 551 3012 Quo,
574 2953 642 3000 hunc
660 2959 688 3000 et
705 2958 759 3000 tres
778 2954 960 3001 antecedentes
975 2967 1063 3002 versus
1080 2953 1118 3002 sic
1130 2953 1285 3017 disponens,

181 3019 255 3066 Nune
265 3031 315 3076 oos,
325 3020 405 3077 optoto
416 3015 495 3077 puoej.
506 3016 523 3064 t.
535 3017 598 3065 todo
610 3017 667 3063 Non
679 3020 732 3078 post
744 3016 870 3072 unanimis,
887 3030 993 3078 corporo,
1004 3017 1157 3077 remigitum
1178 3019 1284 3070 Tradite

181 3094 206 3129 n.
218 3094 240 3127 r.
249 3096 271 3128 o.
280 3081 392 3142 propitios,
410 3080 473 3139 Quo,
484 3081 524 3141 dfe.
543 3080 551 3106 ‘
563 3079 645 3142 iungi
656 3087 744 3128 autem
755 3080 852 3128 dehent
868 3080 949 3127 verbe
961 3079 1012 3128 sic:
1030 3081 1100 3128 Nunc
1110 3095 1158 3141 sos,
1172 3096 1285 3145 corporo,

178 3160 232 3208 quoe
251 3146 314 3193 todo
325 3144 410 3204 junxit
428 3144 516 3192 iumine
532 3147 613 3206 optutu
633 3142 774 3206 conjugibus
787 3158 832 3191 non
848 3149 904 3206 post
921 3142 1047 3203 unanimis,
1057 3146 1285 3208 nudorrtespopittos

179 3208 268 3268 rejecto
285 3213 358 3271 verte,
374 3207 462 3256 tradite
480 3208 540 3256 miti
559 3221 657 3264 munero
669 3207 783 3269 jucundo,
801 3222 853 3270 quo
868 3222 932 3269 onyx
948 3207 1007 3255 mihi
1023 3206 1098 3266 iidet;
1120 3209 1168 3257 hoc
1183 3223 1285 3260 sensus

181 3273 258 3322 Nunc
270 3273 373 3335 puelle,
386 3287 443 3335 quar
455 3272 579 3335 nupsistis
591 3271 690 3320 maritis
706 3271 774 3318 houd
790 3270 815 3318 in
829 3269 969 3320 concordia
986 3272 1170 3332 permansuris,
1185 3287 1245 3322 cum
1255 3274 1285 3324 iu

181 3350 213 3384 eo
224 3338 296 3398 estis,
309 3344 338 3386 ut
349 3351 407 3386 cum
418 3336 470 3385 illie
481 3335 667 3396 concumbatis,
685 3333 781 3384 tradite
793 3334 854 3382 mihi
865 3347 979 3393 munera,
996 3348 1091 3396 nempe
1102 3348 1236 3398 unguenta
1247 3352 1283 3387 ex

181 3400 282 3462 onyche
305 3401 447 3463 depromta.
480 3401 569 3449 Secuti
589 3407 676 3449 autem
696 3404 755 3447 sunt
774 3398 932 3460 scaligerum
954 3397 1067 3446 editores
1087 3397 1213 3463 deinceps
1224 3399 1283 3451 fere

180 3477 278 3511 omnes.
311 3464 437 3526 Equidem
448 3477 509 3512 vero
522 3463 597 3526 hujus
614 3465 665 3512 loci
676 3461 890 3524 interpretatione
907 3461 944 3508 nii
961 3460 1014 3508 ridi
1026 3461 1140 3525 ineptius
1152 3471 1179 3512 et
1192 3464 1284 3514 absur-

180 3524 254 3574 dius:
273 3527 371 3574 Pueiiae
382 3527 466 3588 primo
478 3528 566 3576 statim
576 3540 634 3576 cum
643 3528 714 3574 noris
724 3525 821 3574 maritis
836 3523 976 3573 concubitu
988 3524 1093 3586 piscare
1102 3525 1201 3576 debent
1209 3527 1283 3578 futu&

182 3603 236 3636 ram
246 3602 332 3637 eorum
344 3587 493 3650 perfidiam!
520 3591 605 3639 Locus
616 3590 696 3650 igitur
706 3589 768 3637 mihi
778 3587 956 3637 rescribendus
967 3587 1070 3637 ridetur
1078 3591 1131 3638 sic:
1152 3591 1223 3641 Nune
1232 3608 1284 3656 uos,

181 3668 203 3702 o.
216 3666 281 3716 quos.
295 3651 319 3711 j.
332 3653 349 3700 l.
368 3653 439 3711 toea,
450 3654 522 3700 Nune
537 3658 592 3714 post
606 3652 662 3716 (vel
676 3651 730 3716 nos)
746 3652 863 3701 unanimis
878 3667 898 3700 c.
911 3651 1047 3712 coniugibus
1065 3653 1208 3714 madum.
1218 3672 1242 3706 r.
1254 3655 1286 3707 m*

177 3717 289 3780 populos,
298 3713 455 3777 Siejucundo,
466 3717 506 3775 tre.
536 3717 608 3764 Nunc
617 3721 680 3778 post,
691 3716 802 3766 domium
818 3730 883 3765 mere
900 3717 1019 3779 exempto
1031 3716 1058 3764 in
1069 3724 1217 3780 posterum
1238 3723 1283 3770 rei

676 3845 781 3895 NOTAE

153 3952 156 3957 ’
213 3961 245 4006 82
264 3957 349 4020 Onpe]
374 3956 427 4005 Vss
448 3954 648 4018 unguentarium
674 3956 708 4004 ex'
750 3970 811 4005 raes
831 3955 1000 4020 unguentoria
1027 3954 1165 4006 carebant.
1207 3956 1282 4010 ffinc

181 4031 288 4095 Onyche
299 4046 408 4094 gemma.
440 4031 520 4094 Onyx
538 4035 624 4078 autem
642 4030 708 4094 iupis
747 4030 812 4079 iliud
834 4031 955 4093 Propert.
973 4030 1053 4079 ‘Cum
1075 4031 1182 4083 dabitur
1200 4033 1281 4098 Syrio

180 4114 221 4154 est
231 4108 342 4156 colorem
351 4107 448 4157 hahens
456 4107 490 4156 sd
501 4105 592 4168 unguis
603 4105 708 4155 humani
748 4117 855 4154 munere
866 4105 957 4167 plenus
969 4103 1067 4168 Οιιγι.ν

180 4182 382 4242 similitudinem,
403 4198 478 4248 quem
498 4183 531 4232 od
549 4180 708 4251 conficienda
