2774 4702
488 336 519 382 G.
543 332 702 382 vnhssnlt
726 333 892 383 unium

520 745 727 812 CARMEN
750 744 856 811 XIV.

471 930 524 977 AD
541 928 700 978 CALi'UM
719 927 913 977 niominis.

140 1080 143 1088 ’
173 1140 176 1145 .
269 1081 319 1147 N1
335 1087 369 1147 te
385 1076 462 1166 plus
476 1081 585 1147 oculis
600 1082 685 1147 meis
699 1101 858 1160 emerem,

266 1182 517 1248 Iucundissime
532 1180 648 1263 Calvo,
661 1203 796 1249 munere
810 1185 880 1249 isto

268 1282 426 1349 Odisscm
440 1290 473 1350 ie
488 1285 568 1350 odio
582 1285 777 1352 Vatiniano.

267 1385 360 1451 Nam
374 1387 453 1470 quid
466 1388 534 1453 ieci
547 1409 621 1473 ego,
636 1390 762 1475 quidve
778 1409 854 1454 sum
867 1389 1014 1464 locutus,

269 1487 338 1553 Cur
351 1509 405 1554 mc
420 1493 469 1555 toi
481 1491 569 1554 male
582 1490 739 1575 perderes
750 1489 889 1575 poitisi

268 1591 331 1656 Isti
347 1592 394 1657 Di
407 1592 496 1657 mala
509 1594 615 1658 multu
629 1594 708 1658 dent
722 1595 845 1671 clienti,
946 1632 950 1641 ι

267 1694 338 1773 Qui
352 1699 479 1759 tantum
493 1695 557 1759 tibi
569 1696 660 1760 misit
671 1696 864 1778 impiorum.

267 1796 371 1876 Quod
387 1797 429 1876 si,
443 1803 482 1863 ut
497 1799 665 1883 suspicor,
679 1798 744 1869 hoc
758 1817 883 1864 novum
897 1815 939 1862 ac
953 1798 1118 1880 repertum

266 1897 396 1964 Munus
411 1899 470 1965 dat
483 1899 547 1965 tibi
562 1899 656 1984 Sylla
670 1901 836 1966 literatos:

269 2000 303 2065 N
304 2021 349 2067 on
362 2008 415 2068 cst
427 2002 474 2066 mi
487 2002 587 2081 male,
603 2004 663 2068 sed
677 2004 761 2067 bene
776 2021 817 2068 ac
831 2003 943 2080 beate,

268 2101 373 2183 Quod
387 2123 455 2168 non
471 2104 665 2189 dispereunt
679 2105 728 2171 tui
741 2106 887 2170 labores.

266 2205 314 2270 Di
328 2205 454 2288 magni,
468 2207 658 2272 horribilem
672 2215 705 2274 et
720 2228 853 2274 sacrum
867 2206 1025 2282 libellum,

170 2397 195 2447 0
208 2395 280 2446 Caice
288 2396 434 2460 mocissinre,
443 2395 491 2447 sici
500 2399 551 2461 ipse
561 2399 684 2463 diligerem
694 2405 719 2450 te
734 2401 790 2464 pisis
798 2398 872 2450 oculis
885 2398 953 2461 meis,
963 2397 1064 2461 teipsum
1071 2394 1114 2444 nec
1125 2397 1171 2444 tuo
1182 2393 1243 2445 donc

136 2461 236 2511 mmm
250 2461 304 2510 odio
326 2461 462 2512 Vatinium.
505 2462 571 2519 Quid
581 2467 644 2514 enim
654 2480 697 2526 ego
708 2464 833 2518 commisi?
857 2469 899 2513 net
909 2463 966 2527 qnid
974 2462 1036 2523 dici,
1130 2458 1195 2508 ῙΜ
1205 2473 1243 2508 me

136 2527 198 2575 nteit
212 2525 355 2602 profligens
371 2531 422 2575 tem
439 2528 523 2577 multis
538 2528 635 2590 coitis?
658 2530 746 2592 Superi
763 2531 839 2578 meite
855 2528 999 2578 incommode
1019 2526 1025 2539 ’
1052 2529 1120 2574 erant
1136 2529 1182 2574 tuo
1199 2523 1244 2572 isti

136 2590 227 2654 clienti,
244 2591 284 2654 qui
294 2590 339 2640 tibi
348 2590 415 2640 dedit
429 2595 465 2640 tot
477 2593 591 2642 carmina
602 2593 746 2658 flagitium
771 2595 831 2658 quod
840 2593 871 2655 si,
881 2598 908 2642 nt
919 2590 1027 2655 conjicio,
1038 2589 1106 2654 Syiic
1116 2587 1243 2662 (ἔνιιιπωυιμΙ

136 2654 198 2704 tices
207 2654 254 2704 tibi
263 2657 349 2705 donem
359 2655 424 2705 istud
434 2656 521 2716 mittit,
530 2672 625 2721 necem,
640 2663 664 2707 ct
685 2673 777 2708 recens
785 2659 922 2706 incentum:
943 2671 990 2704 non
1005 2656 1066 2703 nuic
1084 2652 1133 2702 tibi
1152 2656 1198 2711 est,
1209 2665 1243 2700 sne

138 2719 374 2783 emice,imsnocero
384 2719 480 2770 benecc
495 2736 606 2784 prospm
617 2723 745 2786 succedit,
761 2723 822 2785 qnod
839 2726 881 2770 tue
896 2735 967 2783 opere
984 2734 1031 2768 son
1047 2717 1121 2781 perit.
1152 2716 1245 2777 Maeni

139 2782 235 2833 Creiites
251 2783 364 2848 perdent
374 2784 435 2833 inc
445 2785 586 2834 demendum
602 2791 627 2834 et
641 2785 900 2848 excommunicem,
917 2799 985 2848 quem
995 2787 1022 2832 tn
1038 2781 1147 2831 uidelicet
1157 2780 1245 2830 dedisti

599 2908 781 2929 mm

168 2998 184 3043 5
201 2991 233 3043 Iu
245 2991 306 3044 edd.
317 2996 382 3043 vett.
398 2993 432 3043 Ut
442 3006 480 3043 sne
491 2997 528 3042 tet
537 2994 622 3044 mdis.-
639 2993 736 3045 Arent.
745 2996 854 3058 legeret,
870 2995 904 3044 Ut
914 3009 947 3044 sn.
958 2999 978 3044 t.
989 2993 1067 3043 sncie:
1083 2991 1109 3040 in
1122 2988 1241 3041 omnibus

137 3057 205 3108 Stet.
225 3057 303 3109 codd.
326 3059 377 3109 Cer
387 3074 421 3108 sn.
433 3063 453 3107 t.
465 3058 592 3109 moin-6
608 3059 685 3109 Voss.
707 3059 791 3110 edidit
809 3062 927 3109 donn-8
945 3056 1141 3109 Nostremlcct.
1154 3068 1243 3104 servu

137 3122 202 3172 bant
213 3123 280 3174 sut.
292 3122 368 3174 codd.
379 3123 406 3173 in
418 3123 513 3174 Dresd.
532 3137 580 3188 pro
591 3139 619 3173 ne
631 3123 728 3187 legitur
738 3130 762 3174 et
769 3140 781 3184 ,·
796 3126 864 3176 Stat.
881 3123 952 3174 cou'.
968 3123 1011 3172 noc
1020 3126 1139 3185 sepeciem
1144 3134 1155 3178 ‚·
1165 3119 1241 3168 Voss.

137 3202 165 3237 ec
177 3186 303 3253 snmus,
312 3187 518 3253 improbantibus
530 3189 610 3240 Doer.
620 3197 648 3239 ct
656 3188 796 3240 Hand-9
819 3139 945 3240 Nonnuiii
962 3186 1046 3246 dulice
1063 3185 1135 3235 Mus.
1152 3187 1180 3234 et
1197 3183 1242 3233 elii

639 3343 746 3394 NOTAE

168 3456 368 3507 educendiesime
380 3455 463 3519 Caice]
481 3456 543 3506 Fuit
553 3454 597 3505 iile
606 3456 668 3505 Cor·
708 3457 841 3507 Ciceronis
868 3456 894 3504 iu
916 3470 976 3505 eum
996 3458 1108 3504 testetur
1129 3452 1241 3503 Oratio:

137 3534 222 3583 nelius
230 3532 343 3582 Licinius
355 3532 456 3594 Celsus,
466 3533 539 3596 cujus
550 3533 669 3582 meminit
706 3535 715 3563 ⁴
728 3532 798 3584 Odio
808 3533 876 3582 enim
885 3530 942 3595 tui,’
958 3531 1054 3597 inquit,
1069 3531 1115 3580 ‘iu
1127 3544 1178 3595 quo
1191 3530 1242 3580 etsi

136 3697 175 3754 te,
197 3687 242 3753 qui
262 3685 467 3736 Saturneiiorum
492 3685 594 3747 diebus,
619 3700 669 3750 quo
708 3697 801 3748 perere
813 3681 907 3742 debeo,
915 3688 1002 3731 temen
1014 3679 1047 3729 ab
1058 3679 1176 3730 omnibus
1186 3679 1242 3728 viu·

137 3759 552 3829 temporemunereeibiinvicem
563 3760 669 3811 mittere
708 3757 773 3820 cor,’
788 3761 839 3807 dec.
871 3757 966 3805 Potest
977 3760 1004 3804 et
1015 3753 1127 3817 intelligi
1141 3753 1242 3816 odium,

139 3840 344 3900 consuevissent,
356 3836 459 3887 Catullo
470 3850 518 3900 per
523 3838 612 3901 Jocum
622 3838 668 3886 mi·
708 3848 759 3898 quo
769 3831 891 3883 Vatinius
902 3829 1028 3894 flagrabat
1039 3830 1066 3878 iu
1078 3830 1241 3879 Ciceronem.

138 3923 211 3966 seret
237 3916 320 3965 multa
353 3913 475 3964 Carmina
501 3913 669 3963 obscurorum
739 3905 972 3971 ddyiiciiteretcr]
1000 3906 1070 3972 Sylla
1083 3905 1242 3956 Grammati-

139 3992 300 4057 qucrundam
311 3989 462 4039 Poitarum.
707 3998 770 4045 cus;
795 3985 834 4034 ite
844 3983 1003 4032 vocabuntur
1018 3983 1080 4032 olim
1096 3982 1242 4032 Poiterum

169 4067 266 4116 30die
277 4065 416 4128 Vatinicno]
441 4063 572 4128 Odioquo
587 4078 668 4128 popu.
707 4058 873 4123 interpretes.
906 4057 975 4108 Vide
986 4058 1093 4110 Sueten.
1105 4057 1139 4108 de
1157 4058 1243 4110 cleris

136 4144 177 4193 ins
199 4142 330 4192 Romanos
356 4145 510 4205 prosecutus
532 4145 573 4188 cst
594 4139 667 4190 Vati·
708 4133 934 4196 (immineant.

137 4219 217 4281 nium,
235 4230 311 4281 quem
328 4215 444 4268 omnibns
459 4213 576 4266 odiosum
587 4212 668 4264 foisse
