2774 4702
136 277 202 344 2tr2
492 295 523 342 c.
547 290 704 343 raannrr
729 293 894 345 earunnr

137 432 230 500 Nam
245 433 420 519 perhibent
433 437 515 502 olim
530 439 658 505 erudeli
672 445 766 524 peste
780 445 932 506 coactam

135 535 390 621 Androgeoneae
405 558 527 622 poenas
543 543 716 607 exsolvere
728 542 845 620 eredis,

136 639 274 705 Eiectos
284 641 425 725 juvenes
440 643 587 707 simulet
601 642 706 708 decus
720 644 933 726 innuptarum

137 740 338 827 Cecropiam
353 744 486 821 solitam
501 762 578 809 ease
593 743 716 828 dapem
731 744 809 810 dere
824 744 1036 809 Minotauro:

138 843 226 923 Quis
242 851 383 927 auguste
396 845 497 909 malis
512 864 591 909 eum
604 847 729 910 moenie
742 851 951 923 vexarentur,
1199 839 1244 906 80

138 945 221 1030 Ipse
237 968 335 1012 suum
349 948 500 1013 Theseus
513 968 576 1033 pro
592 951 681 1014 caris
696 967 821 1033 corpus
836 946 980 1014 Athenis
999 952 1003 957 ’

138 1047 310 1134 Projicere
325 1052 457 1135 optavit
469 1052 595 1136 potius,
610 1071 714 1135 quem
728 1051 809 1116 talia
824 1049 956 1116 cretam

138 1149 270 1216 Funera
286 1151 460 1238 Cecropiae
475 1155 653 1219 ne·iunera
667 1159 883 1238 portarentur.

138 1319 278 1384 Cecropium
289 1320 368 1370 urbem
382 1321 460 1382 juisse
477 1322 576 1372 immani
593 1321 732 1385 pestilentia
741 1324 846 1370 eoactum
856 1320 921 1369 luere
936 1331 1016 1382 penae
1030 1317 1094 1368 neeis
1104 1315 1246 1381 Androgeo·

136 1399 197 1448 Μ,
212 1390 237 1435 et
256 1387 349 1435 trudere
360 1401 436 1436 esrom
448 1385 584 1436 Minotauro
602 1391 691 1450 reptem
708 1387 863 1435 adolescentes
874 1385 979 1446 selectos,
994 1382 1135 1445 totidemque
1152 1380 1247 1446 pariter

138 1449 252 1511 uirgines,
261 1449 349 1514 florem
365 1453 505 1514 puellarum.
539 1450 632 1506 Quibus
649 1451 801 1500 incommodis
816 1465 868 1498 cum
879 1448 980 1498 Athene
993 1450 1166 1510 premerentur,
1186 1446 1247 1496 uue-

138 1515 249 1578 aeusipse
260 1516 420 1565 maluitanum
441 1516 516 1579 ipsius
534 1516 609 1565 eitum
626 1530 671 1578 pro
691 1530 737 1564 sua
754 1515 840 1564 dilerm
856 1515 938 1577 patrio
956 1526 1080 1575 exponere,
1097 1526 1166 1574 quarn
1190 1510 1248 1575 pass

139 1584 169 1630 at
179 1579 590 1679 dumimeeme
600 1594 698 1645 corpora
706 1579 827 1643 Geeropr'ae
839 1579 939 1641 lugendo
949 1577 976 1626 in
988 1577 1085 1626 Creten
1093 1573 1248 1635 deferrentur

605 1707 635 1727 Ν
637 1706 785 1727 OOOOOOO

141 1787 219 1839 eodd.
237 1789 303 1839 Mel.
320 1790 389 1840 Seni.
410 1796 437 1840 et
454 1789 496 1839 ed.
514 1789 598 1854 thg.
616 1789 737 1854 Gortynia
753 1789 851 1852 templo,
868 1787 995 1852 probante
1012 1785 1086 1836 Baob
1103 1783 1248 1837 nd'i‘ibull·

139 1867 167 1918 p.
178 1857 302 1904 189.-76
320 1855 411 1903 Heius.
422 1855 491 1918 conj.
503 1857 669 1903 omnen-w
687 1853 718 1903 ln
735 1853 854 1903 omnibus
874 1853 943 1902 Stat.
954 1850 1032 1902 codd.
1050 1851 1112 1901 carn
1120 1851 1249 1912 Androge-

139 1932 208 1976 neoe,·
221 1918 247 1966 in
259 1919 315 1967 aliis
328 1920 422 1978 Quom
443 1919 511 1968 Stat.
527 1918 599 1968 malit
609 1919 790 1980 Androgenoeoe.
807 1919 881 1968 Lect.
892 1924 982 1966 nostra
992 1915 1103 1965 debetur
1114 1922 1249 1965 correcto·

140 1981 208 2030 ribus
220 1982 247 2030 in
263 1982 324 2031 edd.
342 1987 475 2032 vett—⁷8
492 1981 588 2032 Arent.
604 1983 737 2047 supplevit
755 1985 836 2042 decus,
856 1981 926 2046 quod
944 1981 1035 2030 deerat
1054 1981 1081 2028 in
1100 1979 1249 2042 seriptis.—

140 2049 173 2094 ru
192 2046 347 2109 Cecropidum
357 2048 453 2096 solitum
464 2062 512 2096 esse
524 2048 591 2111 oonj.
604 2046 696 2097 Heius.
710 2046 875 2110 improbante
887 2046 1032 2095 Deme-8⁰
1050 2044 1080 2093 In
1092 2043 1249 2108 quibusdam

141 2109 202 2160 edd.
213 2117 279 2159 vett.
285 2117 396 2174 murlo,
404 2111 473 2177 quod
485 2113 580 2163 retinet
592 2113 661 2162 Seal.
671 2111 716 2162 sed
727 2125 816 2161 omues
828 2112 897 2161 Stat.
907 2110 983 2160 codd.
995 2109 1120 2159 exhibent
1126 2113 1249 2171 mestar

139 2187 189 2239 pro
204 2181 352 2226 ‘uererentur
368 2175 420 2226 duo
437 2176 594 2228 vetustiores
608 2176 669 2226 libri
680 2191 723 2241 ap.
735 2177 801 2226 Stat.
811 2178 1037 2226 uermerium-8³
1058 2173 1151 2224 Funera
1163 2172 1194 2223 C.
1205 2187 1249 2224 nes

641 2320 748 2374 NO'l'AE

141 2417 209 2469 ritas
225 2417 277 2469 suit
288 2420 372 2470 Crete
384 2421 476 2470 insule
488 2421 522 2471 ud
539 2420 673 2472 Lethaeum
715 2435 761 2470 arn
773 2419 944 2481 Athenarum,
954 2422 1042 2468 tamen
1051 2414 1161 2466 sumitur
1169 2415 1251 2480 vulgo

142 2509 244 2546 amnem
255 2495 321 2559 sitn3
338 2496 370 2548 de
382 2512 434 2562 qrra
445 2497 515 2548 Plin.
528 2497 572 2549 lib.
583 2512 622 2547 rr.
633 2501 673 2548 lu.
714 2511 760 2560 pro
779 2504 836 2546 tota
854 2495 970 2545 civitate.
1004 2493 1073 2544 Urbs
1083 2494 1154 2543 eninr
1164 2492 1250 2545 Athe·

141 2578 170 2623 et
180 2571 268 2622 Strnb.
278 2572 324 2623 lib.
333 2585 361 2624 x.
402 2573 433 2623 In
444 2574 492 2624 heo
503 2574 568 2624 urbe
579 2574 675 2624 dieitur
714 2587 765 2635 nae,
779 2572 848 2622 siout
867 2578 895 2622 et
914 2577 971 2621 tota
982 2571 1054 2634 regio
1065 2569 1166 2634 Attice,
1175 2571 1251 2622 dieta

140 2645 223 2697 faisse
237 2647 417 2713 Labyrinthus,
433 2650 509 2713 jussu
528 2650 608 2714 Regis
623 2650 675 2699 Mi·
715 2656 757 2699 est
771 2649 779 2676 ⁴
792 2648 939 2713 Cecropis‚'
963 2663 980 2697 a
999 2648 1083 2712 primo
1107 2648 1180 2711 Rege
1200 2648 1252 2700 Ca·

140 2724 197 2774 nois
207 2731 372 2777 exstructus:
390 2725 458 2777 unde
469 2726 566 2778 dicitnr
577 2729 585 2757 ‘
595 2726 676 2790 injus·
715 2740 803 2790 crepe.

141 2799 203 2849 tus!
748 2800 898 2864 Iltinotouro]
932 2798 1030 2850 Fabula
1040 2797 1184 2848 Minotauri
1203 2812 1251 2848 uo·

151 2928 153 2933 ,
173 2878 206 2924 77
230 2874 407 2939 Androgeum
425 2877 509 2942 redu]
543 2876 676 2942 Androgei
716 2877 828 2939 tierent,
839 2875 1034 2943 qmmqurehic
1051 2875 1167 2938 pluribus
1179 2890 1252 2926 eom·

140 2950 286 3002 interfecti.
334 2952 415 3002 Filius
443 2952 494 3004 tuit
522 2953 675 3016 Androgeos
715 2961 881 3003 memoretur.
908 2952 979 3002 Nulli
991 2951 1061 3000 enim
1072 2951 1253 3011 nesciuntPa·

141 3028 226 3091 major
236 3035 300 3079 natu
310 3029 406 3078 Minois
419 3031 508 3094 Regis,
524 3030 675 3095 qoi,multis
713 3029 822 3096 sipha'e'n
847 3029 915 3079 Solis
934 3027 1023 3089 filiam,
1042 3027 1139 3077 Minois
1162 3029 1250 3078 Cret·

141 3105 252 3168 insignis
262 3104 362 3169 palmis,
382 3106 416 3154 ab
433 3105 635 3157 Atheniensium
647 3117 676 3157 et
716 3104 795 3169 Regis
806 3119 924 3166 uxorem,
943 3118 1000 3153 oum
1011 3104 1089 3152 Tauri
1099 3116 1189 3154 amore
1208 3118 1250 3155 re·

142 3183 342 3248 Megarensibus
353 3199 386 3234 er
397 3184 495 3235 invidia
514 3185 614 3236 erebus
626 3192 676 3237 est.
715 3181 851 3231 herneuter
867 3179 1000 3244 flagraret,
1016 3193 1066 3242 ope
1077 3186 1105 3229 et
1116 3187 1174 3230 arte
1189 3180 1251 3231 Do·

141 3260 175 3312 In
186 3261 261 3326 errius
277 3261 402 3312 ultionem
420 3263 516 3326 Minos,
535 3264 600 3314 Niso
620 3264 676 3313 Me-
716 3256 769 3307 dali
790 3257 859 3307 iutra
875 3257 984 3319 ligneam
1003 3270 1109 3306 vaoerun
1123 3257 1251 3308 inclusam

142 3338 289 3403 parensium
301 3352 363 3402 rege
381 3338 675 3404 interiecto‚Megeram
716 3333 769 3383 voti
786 3337 934 3396 compotem
950 3329 1047 3381 saetam
1058 3329 1156 3383 fuisse:
1181 3334 1251 3384 ands

142 3415 247 3464 evertit.
280 3414 457 3466 Athenienses
473 3417 529 3467 aeri
546 3417 616 3467 bello
634 3432 675 3466 su·
714 3417 806 3459 natum
841 3408 931 3469 dicuni
965 3409 1133 3458 MAMAW
1164 3409 1251 3461 medi·

142 3490 257 3551 perurit,
283 3493 545 3556 eosquequotannis
575 3500 675 3558 septem
716 3493 792 3550 parte
802 3485 940 3545 hominem,
952 3484 1052 3549 reliqua
1065 3499 1128 3534 rere
1146 3491 1251 3536 taurum

140 3565 329 3629 adolescentes,
350 3569 512 3636 totidemque
537 3572 637 3634 paena,
659 3574 679 3620 ι·
716 3560 879 3612 referentem.
921 3559 982 3610 Hoo
998 3566 1085 3610 autem
1105 3568 1251 3612 monstram

141 3642 293 3693 Minotauro
320 3642 482 3710 devorandos
506 3647 541 3695 -in
569 3648 674 3697 Cretam
716 3636 1118 3702 ¹⁸byl¹¹¹1¹¹⁰i⁰⁰¹¹¹⁸¹¹mll⁰³t⁶⁸
1134 3636 1251 3687 'stem

142 3720 249 3770 nirrsre
274 3717 371 3783 reigit.
412 3720 466 3770 Alii
493 3722 620 3783 scribunt,
644 3722 677 3772 ad
717 3712 844 3762 Ariadnes
858 3710 1252 3775 opeadjutusdieitnrintart‘e·

141 3796 192 3847 hoe
203 3795 355 3846 solvendum
367 3794 492 3847 tributum
503 3797 677 3849 Athenienses
718 3790 793 3840 ⁶1⁸⁸&

141 3881 226 3940 perte,
236 3872 316 3937 fama,
328 3873 433 3925 etbello
448 3879 556 3923 vexatos
568 3873 601 3924 ab
612 3874 678 3924 Ora·
749 3869 781 3915 81
801 3865 873 3915 0⁰⁶⁸
882 3862 996 3926 lim]
1029 3862 1122 3913 FAMA·
1140 3864 1254 3932 stium,

144 3949 293 4002 rulo-fnisse
304 3950 460 4014 compulsos.
718 3957 777 4007 quea
802 3954 906 4004 semper
925 3950 966 3990 est
984 3939 1068 3989 dulcis
1089 3946 1119 3990 et
1141 3941 1252 3993 dilecte.

174 4031 208 4076 79
225 4025 375 4090 cecropiam]
401 4025 675 4091 Oppidnmaseoon·
714 4013 1006 4085 Virgil.ucl.1.'⁸uos
1026 4018 1253 4082 ptirioeflnetset

143 4101 226 4151 ditum
238 4102 353 4165 Cecrops
371 4117 396 4151 ιΙ
405 4102 510 4153 nomine
521 4116 568 4152 suo
579 4102 675 4152 Ceoro·
716 4097 805 4150 doleia
816 4096 955 4160 linquimus
964 4092 1045 4144 erra!
1298 4114 1301 4119 ·

144 4175 215 4241 pianr
227 4177 377 4242 appellavit,
388 4191 446 4244 qua
457 4189 516 4232 num
528 4176 676 4244 propriesit
749 4176 781 4231 til
798 4172 892 4229 Funera
902 4169 1025 4233 rte-sam
1036 4171 1090 4236 [nro
1099 4170 1203 4238 senaa]
1214 4173 1254 4226 Ut
