2774 4702
236 324 268 369 c.
292 321 451 370 venturi
476 320 641 369 cernunt
669 321 827 369 cunnus
855 323 959 370 nxrv.
1095 308 1160 372 401

61 462 105 514 ‘A
128 461 239 527 primurn
258 467 316 513 est:
336 461 397 512 hinc
414 441 546 526 iucipiens,
564 468 593 513 et
628 468 712 512 torum
723 462 827 526 quidem
838 469 879 513 est
890 464 1000 514 ceterius
1012 463 1115 528 regredi
1126 465 1159 515 sd

61 552 120 603 quse
131 538 233 586 nomine
244 536 277 586 uh
288 536 336 586 hoc
347 544 414 586 suut.
447 536 471 586 Α
483 537 592 600 primurn
630 537 799 599 propositum,
816 536 878 600 quic
892 537 1017 600 imprimis
1027 538 1058 588 iis
1069 554 1162 604 propo·

60 612 206 677 longlbrevi
218 614 334 676 syllaba:
352 628 399 662 nos
416 620 502 662 tumen
514 628 592 662 unum
629 611 707 660 sitnm
719 619 760 662 ert
772 612 884 663 doceres
901 627 984 677 eoque
995 615 1161 679 digrediendi

61 687 123 740 Hoc
134 687 266 750 sociemus,
282 694 311 737 et
325 702 377 737 nuo
392 687 492 751 eodem,
506 696 537 737 ut
554 687 593 736 di·
630 699 734 749 ponunt
753 685 862 747 ludunt,
881 688 924 737 ubi
947 688 1098 740 existimant
1117 706 1163 741 sn·

60 762 149 826 cimu',
168 769 245 826 pseto
259 762 406 812 Scribemus
424 777 523 826 pacem,
540 763 594 827 pls·
630 761 740 812 diturem
758 763 820 811 sutis
838 774 895 812 esse
914 762 1087 815 delectetioue
1103 780 1163 829 per·

10 847 16 852 ·
62 837 132 900 eide,
146 838 253 898 dunum,
268 836 378 899 aridum,
388 843 502 899 acetum,
514 835 594 900 Ἆρα,
630 836 723 887 fusum.
755 838 844 901 Longe
862 851 924 888 reru
943 852 1018 888 secus
1033 854 1164 905 conspers-

59 912 128 976 Ἆρα
139 912 229 962 Greci
240 921 270 962 nt
280 912 399 963 fuciunt!
415 913 478 962 Scul.
630 916 685 960 turn
697 917 737 960 eet
747 926 806 961 cunr
817 911 919 975 Poetis,
928 926 987 962 cnut
998 913 1025 961 hi
1036 913 1079 963 rix
1091 914 1162 964 uliud

39 976 43 985 ¹
94 993 128 1039 47
145 987 273 1050 Puloiuer]
296 988 381 1038 Notus
397 1003 452 1038 mos
462 988 594 1039 sternendi
630 999 707 1050 quern
719 985 919 1037 delectationem
929 994 1058 1051 spectent.
1091 992 1162 1043 Quin

62 1065 200 1114 thalamos.
225 1065 377 1128 Hieronym.
399 1066 425 1113 in
452 1064 537 1130 Epist.
560 1065 594 1114 ud
625 1075 700 1123 supe
712 1075 744 1110 ue
755 1061 858 1126 quidem
872 1063 918 1112 hos
933 1063 972 1114 nti
986 1064 1162 1128 epsnodmiu·

61 1141 172 1190 Deflet.
188 1139 272 1188 ‘Cum
279 1139 595 1204 jumuuptisrumuppro·
631 1133 701 1185 dicio
716 1142 757 1186 est
774 1137 859 1198 Mero,
876 1139 920 1202 qui
936 1138 1032 1201 θοοῖς.
1050 1153 1071 1190 1.
1089 1144 1164 1193 dces·

61 1217 203 1280 pinquuret
213 1217 281 1276 dies,
291 1225 320 1266 et
331 1215 420 1266 t'nturo
431 1217 594 1267 matrimonio
631 1210 704 1260 tione
715 1218 821 1274 arretii!
829 1227 862 1261 οι
871 1211 938 1263 Solis
947 1213 1059 1279 indiciis,
1066 1215 1164 1278 digres-

61 1292 191 1341 thalamus
198 1291 408 1354 pantaenum.
426 1292 505 1356 Aput.
514 1293 559 1341 tib.
567 1305 594 1343 x,
631 1286 729 1335 sionem
740 1285 805 1336 fucit
816 1286 849 1337 de
860 1295 943 1338 morte
951 1289 1071 1351 carris,
1081 1304 1163 1355 esque

61 1368 179 1430 ‘Etjuru
187 1368 595 1431 thorusgeutattssoltiootuoster
630 1360 725 1412 librum
753 1362 862 1412 claudit·
894 1361 927 1412 Id
955 1364 1038 1426 iprum
1059 1378 1163 1429 quoqa

61 1442 178 1506 iuturus,
192 1442 595 1494 sccnrutissimedesteruehstur
632 1436 786 1500 0⁰mpr⁰b⁸t
819 1437 969 1489 Horat-111·
991 1438 1045 1489 Od·
1061 1444 1101 1490 ll·
1128 1441 1162 1490 de

60 1519 148 1568 lectus
175 1516 268 1567 Indico
287 1517 418 1568 testudine
443 1518 596 1583 pellucidns,
631 1512 747 1563 Mercur-
759 1527 818 1577 qne,
833 1520 940 1578 streptu
951 1513 1086 1564 occasione
1097 1529 1113 1564 e
1124 1512 1162 1564 fu·

62 1593 170 1657 pluma
185 1592 306 1655 congerie
323 1592 447 1653 tumidus,
465 1600 538 1643 vesto
555 1609 595 1643 κ.
630 1585 692 1636 bula
706 1601 722 1636 e
737 1585 846 1637 fitiorum
862 1588 948 1642 Drusi
966 1590 1104 1653 supplicio,
1124 1589 1164 1639 di·

61 1667 119 1717 ries
128 1664 254 1717 mulus:
286 1667 374 1733 Atque
391 1668 442 1717 iste
459 1668 595 1719 ‘Genlslis
632 1664 750 1726 gredltor
770 1665 803 1714 ud
826 1660 919 1730 Lyden
942 1668 1064 1730 puellum,
1083 1673 1163 1733 utque

60 1743 160 1792 lectns’
187 1742 334 1792 dicebatur.
366 1743 440 1793 Serv.
471 1744 530 1793 AEn.
555 1758 595 1795 rr.
631 1755 688 1792 esur
710 1744 805 1794 similes
827 1745 865 1795 uit
891 1759 980 1808 poenus
1004 1759 1118 1808 munere,
1141 1745 1164 1794 sl
1193 1770 1196 1777 ·

62 1817 72 1846 ‘
91 1815 213 1867 Geniales
232 1815 319 1881 (lecti)
341 1817 447 1880 proprie
466 1818 596 1881 dicuntur,
632 1829 708 1880 porro
720 1825 858 1868 contuntur
869 1833 926 1869 esse
937 1827 1039 1883 perget.
1058 1820 1164 1870 Vossius:

62 1891 111 1957 qni
131 1897 282 1941 sternuntur
303 1891 395 1955 puellis
419 1893 595 1943 nubentibus!
664 1897 696 1943 dl
714 1894 821 1943 Herm
833 1894 1020 1958 ssiruur‘rtuter]
1045 1894 1162 1945 Heroum

49 1967 236 2018 'sternebatur
243 1973 330 2017 entem
340 1971 365 2017 ln
377 1967 498 2018 honorem
510 1970 597 2034 Genii,
632 1967 743 2018 virtutes
753 1969 870 2032 dpxutrrris
880 1968 979 2019 dietum
987 1983 1035 2033 pro
1042 1969 1163 2020 heroibus

63 2042 109 2109 qni
119 2041 214 2092 notulis
224 2042 309 2091 meriti
320 2056 425 2106 preses.
436 2044 507 2094 Fert.
525 2045 597 2095 ‘Ge·
632 2041 705 2105 ipsis,
726 2051 756 2095 ut
779 2046 880 2095 ‘virtus
902 2045 1023 2096 Catonis’
1045 2046 1164 2108 Horatio,

62 2116 139 2168 usialis
154 2117 248 2181 lectus,
264 2118 307 2182 qni
325 2119 421 2182 nuptiis
435 2120 561 2170 sternitur
570 2121 596 2171 in
633 2118 748 2170 Homero
775 2120 816 2180 tiu
843 2119 962 2184 npupoo.
1001 2122 1164 2185 Apollonius,

61 2193 187 2243 honorem
198 2192 294 2243 Genii!
312 2194 440 2246 Meursr'us.
632 2194 794 2257 παλαιγενέων
803 2196 863 2246 κλέα
877 2197 972 2262 dvlpuu,
988 2199 1038 2248 hoe
1049 2207 1098 2263 est,
1109 2199 1163 2248 He·

97 2275 131 2321 49
148 2270 275 2334 Gorclsylir
290 2273 408 2335 perporo]
431 2272 459 2322 Si
478 2287 541 2323 veru
556 2282 596 2322 est
633 2285 691 2321 roes
703 2272 781 2335 ipsos.
797 2272 860 2322 Ssul.

62 2345 145 2397 lectio
166 2346 233 2408 huc,
254 2346 387 2410 conchylis
409 2355 450 2396 est
471 2347 606 2411 mxvii„
665 2352 696 2395 5⁵
717 2348 767 2396 Nec
784 2348 839 2396 duur
856 2346 929 2396 etium
944 2360 1038 2410 sesepre
1055 2347 1093 2396 ssi
1111 2351 1163 2397 turs

62 2419 215 2483 mxotldos.
245 2420 329 2470 Vetus
357 2428 444 2470 tamen
469 2423 598 2486 scripturn
632 2419 805 2483 crediditrssr]
831 2421 930 2472 Ultlmu
945 2435 1007 2485 pnrs
1019 2421 1094 2484 hujus
1106 2434 1163 2470 ver·
1242 2443 1246 2450 ·

63 2494 175 2561 praef'ert
190 2495 307 2558 concipit,
327 2508 378 2544 nou
396 2498 521 2560 rouctylis.
551 2497 597 2546 Sic
633 2497 708 2547 siculi
732 2497 845 2547 confictu
867 2503 909 2547 est
928 2511 945 2545 u
964 2495 1164 2546 correctoribus.

62 2573 187 2634 Semnus,
199 2570 209 2600 ⁴
221 2571 342 2633 Purpura
352 2574 469 2620 torretur
478 2571 597 2634 conchyli
633 2573 659 2622 N
661 2587 700 2621 um
711 2579 785 2623 retus
795 2573 924 2636 scripturn
934 2571 972 2621 its
982 2577 1111 2635 conceptu
1120 2578 1164 2621 est

64 2646 161 2712 perlito
177 2644 255 2696 fuco!
286 2644 373 2694 Credo
390 2644 471 2706 igitur
492 2645 598 2709 oouciylt
632 2647 856 2697 lnuostrollbro:
874 2647 998 2696 Necdum
1014 2647 1088 2696 dher
1102 2661 1163 2696 sere·

64 2720 211 2785 legendnm.
227 2719 289 2768 Scui.
632 2738 676 2786 qus
695 2725 734 2774 ssi
754 2724 912 2773 cui-credet.
944 2722 1014 2772 Puto
1036 2723 1163 2772 minorent

99 2799 132 2845 dc
156 2795 219 2844 Huc
239 2794 324 2857 reah]
357 2794 495 2844 ‘Catullus
516 2795 599 2857 reru,'
632 2794 749 2847 lucrinum
769 2797 973 2863 relinquendum,
993 2798 1039 2848 sed
1056 2798 1162 2849 mlnluro

65 2871 154 2936 iuquit
164 2870 332 2920 Sebastianus
339 2870 481 2932 Corradus,
495 2870 596 2936 ‘quern
633 2873 722 2924 labore
733 2874 785 2937 legi
794 2889 885 2938 posse:
904 2875 956 2924 Nec
965 2876 1021 2924 durs
1031 2873 1105 2924 niun
1114 2887 1164 2923 rste

64 2947 106 2997 vis
115 2945 208 2995 doetus
218 2945 290 3009 qnasi
305 2954 477 3008 cognomento
487 2946 597 3010 dicutur,
632 2965 685 3013 quos
694 2952 728 3000 rit
738 2951 781 3000 oie
792 2957 817 3000 et
830 2951 877 3000 eiii
889 2953 973 3001 credit.
1005 2951 1075 3002 Nutu
1085 2951 1165 3000 credet

65 3023 93 3072 in
120 3037 153 3071 eu
177 3036 206 3071 re
233 3027 320 3070 tamen
346 3021 500 3085 reprehendi
520 3023 597 3083 solet,
633 3023 700 3074 huod
719 3026 798 3076 dubie
815 3041 864 3089 pro
882 3027 958 3076 aedit
976 3025 1086 3088 positum
1100 3035 1164 3086 ¹est3

65 3096 138 3163 quod
152 3095 186 3145 ud
200 3095 292 3144 'l'hesei
302 3101 330 3145 et
341 3094 470 3145 Ariadnes
482 3093 597 3145 fabulum
634 3107 664 3149 ut
681 3115 769 3163 supro,
789 3100 974 3164 ‘requiescet’
990 3114 1037 3163 pro
1057 3100 1165 3164 ‘scqui-

65 3170 227 3234 digrediutur
245 3168 293 3231 itu,
310 3177 339 3220 ut
358 3170 485 3234 propositi
504 3170 598 3220 oblitus
633 3175 850 3238 escit’scriptnrn
858 3174 961 3224 therut:
974 3175 1080 3223 Necdum
1089 3175 1163 3224 niort

64 3246 264 3308 esseridestur,
277 3252 305 3294 et
321 3247 467 3296 mehercule
478 3247 503 3295 in
515 3261 547 3296 eu
558 3246 596 3296 di·
632 3265 736 3313 seseque
750 3251 862 3300 ritoim
878 3251 926 3300 risi
935 3253 1023 3302 urdo.
1055 3252 1094 3299 Er
1110 3265 1162 3315 qno

65 3320 199 3385 gressione
213 3321 251 3370 itu
269 3321 364 3370 multus
377 3328 427 3383 est,
445 3328 475 3372 ut
490 3323 535 3371 rix
552 3322 596 3372 de·
633 3324 744 3375 formata
760 3333 800 3376 est
815 3328 861 3377 illu
876 3325 1035 3391 quorundum
1051 3327 1162 3387 scripto·

65 3396 140 3447 tendi
150 3396 248 3461 possit;
266 3391 315 3446 nisi
326 3396 398 3446 dicut
415 3397 596 3463 uliquis,illum
633 3414 690 3450 rum
708 3401 831 3453 librorum
849 3401 937 3463 lectio,
953 3402 1005 3451 Nec
1016 3403 1072 3451 durs
1088 3402 1162 3450 etiarn

65 3472 159 3537 poitur
185 3473 293 3536 Lyricot
311 3487 368 3522 esse
389 3473 526 3537 imitatum,
551 3474 597 3538 qni
633 3479 783 3542 moueret
793 3480 829 3528 tui
839 3480 959 3528 recredet.
991 3477 1087 3527 Parum
1096 3485 1161 3541 puto

65 3561 146 3614 qunns
166 3561 252 3612 neque
271 3547 361 3613 gravis
390 3562 474 3612 neque
495 3562 597 3612 magns,
632 3567 784 3604 messere
801 3555 918 3604 lectionis
935 3552 1049 3618 vestigiis
1065 3552 1162 3602 disces·
1226 3589 1230 3594 -

66 3622 236 3684 sedumores,
252 3636 348 3681 censs,
365 3629 394 3673 et
410 3623 461 3673 sliu
475 3622 503 3672 id
514 3621 612 3687 genus
634 3632 706 3680 sisse.
723 3633 798 3680 Idem.

66 3695 248 3761 profiteantur,
274 3697 374 3760 longius
400 3712 510 3761 evagare
539 3715 597 3763 pos·
665 3709 697 3755 01
710 3703 1162 3769 Buoomhprosptoiterprhlusxrv-

66 3778 145 3822 suut:
162 3777 192 3820 nt
213 3772 342 3822 Pindsrns
360 3788 411 3823 uon
431 3775 597 3838 repetundo
633 3779 705 3840 odone
713 3781 769 3846 uisi,
778 3781 804 3830 id
816 3789 864 3843 ost,
872 3778 1060 3842 rissiuioirur.
1093 3779 1161 3829 Nuus

67 3845 117 3898 sed
130 3860 233 3910 semper
245 3846 303 3897 fere
318 3847 391 3912 fucit,
408 3855 436 3899 et
453 3851 597 3912 proesertius
635 3858 749 3907 Emito
759 3873 809 3906 non
820 3865 860 3907 ost
870 3871 972 3918 nomeu,
981 3851 1161 3921 quod'pnturlt

67 3923 96 3985 iu
108 3922 220 3986 Pythie,
235 3914 278 3973 uni
289 3938 368 3988 quum
379 3923 537 3975 Arcesilaum
550 3940 597 3990 pro
634 3933 799 3996 Parthenius,
813 3940 842 3983 et
857 3931 966 3982 forense
976 3929 1106 3981 doctiores
1116 3929 1162 3979 illo

68 4000 225 4064 Demophilo
234 4014 327 4065 rogere
337 4003 524 4066 constituisset,
540 4019 555 4053 u
570 4018 597 4053 re
633 4009 742 4059 credere
753 4014 903 4073 potnerunt.
919 4006 993 4056 Idem.

68 4082 158 4126 tumen
168 4077 201 4125 sd
210 4078 458 4142 nentuslongissiuse
469 4080 599 4131 discedit!
665 4088 699 4132 63
717 4081 831 4144 Μίνω]
857 4079 999 4131 ‘Mittens'
1018 4080 1070 4130 dici
1087 4082 1161 4132 ulnnt

69 4152 155 4202 Recte
165 4151 284 4215 profecto
294 4154 432 4227 courdus.
464 4158 532 4207 Num
544 4170 598 4206 oru-
636 4157 775 4207 edictione
787 4155 862 4219 piros,
877 4155 904 4206 ld
916 4161 965 4220 est,
972 4155 1051 4220 stirne.
1068 4156 1162 4220 Mitris,

137 4234 227 4303 Delpis.
239 4239 263 4283 et
276 4234 334 4287 Vur.
344 4235 409 4287 clus.
585 4237 667 4298 catut
1040 4233 1057 4286 '2
1074 4239 1096 4288 C
