2774 4702
484 296 515 342 C.
539 294 698 344 vAnttltlt
722 294 888 344 CATULM

532 703 738 770 CARMEN
761 706 849 772 VII.

566 892 617 937 AD
635 890 813 939 ansulam.

269 1042 440 1121 Quaere,
457 1051 538 1125 quot
552 1046 632 1109 mibi
647 1046 851 1109 basiationes

268 1143 366 1220 Tuae,
381 1143 519 1220 Lesbia,
533 1145 599 1209 sint
613 1146 698 1210 satis
714 1162 878 1228 superque
890 1144 905 1204 t

270 1243 383 1321 Quam
397 1264 537 1327 magnus
552 1267 706 1310 numerus
722 1246 876 1326 Libyssae
894 1259 1001 1306 arenae

270 1345 523 1428 Laserpiciferis
534 1349 626 1433 jacet
640 1348 793 1431 Cyrenis,

150 1459 164 1517 .’
271 1448 429 1514 Oraclnm
445 1450 468 1515 J
470 1452 544 1516 ovis
559 1453 641 1515 inter
656 1451 804 1527 aestuosi,

252 1602 255 1606 .
270 1549 313 1614 Et
326 1551 419 1616 Batti
433 1553 550 1616 veteris
567 1557 697 1617 sacrum
713 1551 919 1634 sepulcrum:

179 1732 266 1794 Rogat,
279 1732 396 1793 oLerbin,
414 1749 484 1796 quum
493 1737 567 1783 multa
578 1736 637 1783 auiti
646 1734 763 1798 tuffitr'cat
774 1734 852 1781 creata
861 1727 922 1780 tun?
957 1730 1053 1785 Quarta
1063 1732 1104 1776 est
1115 1726 1243 1775 mutuato

143 1811 268 1846 arenarum
288 1796 441 1859 libycarum,
452 1812 510 1860 quae
523 1798 606 1857 jacent
616 1796 855 1861 Cyrmitfereatibut
867 1794 1036 1857 moabiam,
1046 1793 1111 1841 inter
1124 1790 1246 1852 Templum

143 1860 374 1923 toreumatum
385 1866 510 1922 caganum
519 1863 633 1912 tumulum
643 1861 736 1925 quiqu
747 1861 832 1917 Birra·
843 1864 884 1909 aut
893 1864 948 1922 qam
956 1857 1127 1919 astraquundo
1138 1869 1186 1904 nox
1195 1859 1243 1914 ert,

601 1988 781 2008 emm

144 2051 275 2180 ¹'btrxsltat
296 2077 323 2120 et
340 2070 428 2122 urat.
448 2074 538 2135 legunt
554 2072 707 2122 beream-d
723 2067 900 2133 monitistrit
919 2065 982 2130 legit
993 2065 1063 2113 Mur.
1077 2063 1160 2112 citans
1172 2061 1246 2110 Plia.

154 2144 162 2178 r
182 2165 189 2180 .
233 2145 260 2183 x.

642 2216 747 2267 NOTAE

177 2343 192 2388 3
209 2339 317 2404 Libyca
327 2344 417 2407 arena]
435 2347 459 2395 A
467 2346 672 2413 Libya,Gentile
712 2348 792 2397 Plura
804 2346 874 2409 leges
885 2342 954 2408 apud
966 2339 1035 2390 Ptin.
1045 2337 1087 2388 lib.
1099 2350 1161 2386 xtx.

146 2415 283 2480 est‚Libys
296 2422 539 2480 oqmamutinum:
566 2423 674 2487 Libysca
745 2429 759 2471 5
790 2421 900 2470 Otnclum
921 2416 1001 2479 Joou]
1035 2413 1177 2465 oraculum
1200 2411 1247 2460 ali-

147 2505 208 2540 vero
225 2490 393 2556 foeminiuum,
412 2503 441 2546 ut
461 2498 579 2563 Phoenix,
598 2500 674 2549 Pboe·
715 2500 816 2566 qnando
827 2498 994 2559 rumitnrpro
1015 2494 1121 2557 templo,
1137 2497 1166 2539 ut
1180 2490 1246 2539 indi-

145 2566 223 2617 nissa.
250 2567 333 2633 Libya
344 2586 421 2634 porro
440 2571 536 2623 Africa
556 2589 614 2638 pars
626 2583 675 2634 eat,
716 2577 812 2627 cntbic
823 2573 1009 2630 carallitano,
1022 2576 1052 2617 ut
1063 2574 1091 2617 et
1101 2567 1146 2616 ille
1157 2565 1248 2628 Plinii,

145 2656 202 2706 qnae
225 2651 333 2708 propter
354 2647 459 2697 nimium
485 2649 552 2699 Solis
574 2656 676 2714 aestum,
717 2655 762 2703 lib.
782 2665 856 2700 xxrr.
878 2653 918 2698 23·
942 2645 1129 2695 ‘Ammoniaco
1151 2657 1248 2691 nomen

147 2733 198 2782 qno
210 2726 333 2783 torretur,
344 2723 472 2772 immensis
494 2725 578 2774 arenis
590 2726 677 2776 nartia-
718 2736 756 2779 est
767 2728 799 2777 ab
810 2725 941 2777 Ammonis
952 2722 1075 2781 Oracuto.
1090 2720 1167 2782 jum
1176 2719 1249 2783 ‘1⁰⁰⁶

94 2810 97 2817 ·
147 2807 198 2856 que
208 2794 387 2845 solitudinibus
397 2799 506 2861 squalet.
716 2802 830 2866 gignitur
851 2798 934 2854 arbor,
953 2809 1029 2860 quant
1047 2795 1187 2856 Metopion
1205 2807 1250 2843 vo·
1303 2803 1309 2823 ⁴

179 2868 468 2930 dbtterpieisericjacet
479 2872 591 2935 Cyrenis]
624 2875 675 2938 Cy·
718 2877 795 2927 cant!
828 2877 1010 2926 Locttsantem
1019 2868 1249 2919 illedicitur‘aer·

147 2956 218 3005 rene,
229 2958 244 2991 a
254 2958 304 3007 qna
314 2944 457 3007 Cyrenaica
468 2947 547 3009 regio,
558 2949 618 2997 urba
635 2956 675 2998 ert
719 2953 815 3003 tunsus'
840 2951 908 3015 quod
927 2948 980 2997 illic
999 2960 1135 2996 arenarum
1156 2946 1249 2995 tumuli

147 3019 323 3083 Pentapoleos
333 3019 359 3068 in
367 3020 459 3084 Libya,
467 3029 574 3086 propter
584 3036 675 3072 arenas
718 3030 744 3078 in
766 3027 870 3077 modum
897 3023 1054 3073 marinorum
1080 3020 1205 3070 flnctuum
1232 3037 1249 3071 a

149 3098 177 3141 et
187 3093 340 3143 solitudines
349 3095 676 3157 totieadecantata‚aBat·
718 3104 801 3152 ventis
818 3102 868 3151 lruc
887 3101 948 3148 illuc
966 3097 1139 3148 concitentur.
1172 3097 1249 3148 Jovie

151 3176 177 3217 to
189 3169 339 3220 Callimachi
351 3172 527 3236 progenitore,
547 3181 577 3223 ut
594 3175 677 3223 credi·
718 3178 851 3229 Ammonis
871 3176 1004 3239 templum,
1015 3173 1048 3222 de
1067 3185 1119 3237 qno
1137 3172 1180 3221 lric
1199 3172 1251 3221 Ca·

150 3253 201 3307 tnr,
213 3245 332 3297 condita:
357 3248 394 3297 sic
407 3248 479 3298 dicta
490 3264 506 3298 a
518 3249 618 3314 Cyrene
628 3250 677 3298 Pe·
718 3254 806 3314 tullus,
815 3252 911 3301 dicitur
922 3247 1067 3298 aedificasse
1076 3247 1155 3296 Liber
1164 3255 1251 3311 pater,

151 3321 191 3370 nei
212 3322 290 3386 Regia
308 3324 449 3374 Thessaliae
471 3323 624 3389 illaquam
643 3324 679 3375 A·
719 3327 902 3378 senBacclrur.
931 3323 1006 3378 ,otim
1017 3322 1085 3372 inter
1096 3329 1198 3385 septem
1209 3337 1250 3371 or·

151 3401 220 3462 pollo
231 3401 376 3452 adamatam
393 3404 419 3453 in
438 3419 494 3454 eam
512 3405 602 3469 Lybiae
620 3420 679 3469 par·
719 3407 759 3456 bia
777 3404 901 3454 miracula
922 3398 1122 3457 numerabatur;
1146 3396 1252 3446 aberat·

151 3483 203 3523 tem
216 3477 391 3529 transtulerat.
431 3479 499 3529 Vide
516 3481 613 3532 Jnrtin.
632 3481 678 3531 lib.
718 3496 768 3547 qne
779 3478 887 3542 Cyrenir
897 3488 970 3526 cccc.
983 3487 1015 3523 rt.
1027 3471 1252 3537 puerumflicre·

152 3564 215 3600 xrrr.
257 3552 363 3601 Dicitur
380 3553 482 3616 Cyrene
502 3569 549 3615 -es,
568 3555 610 3603 vel
627 3556 677 3618 Cy·
717 3557 800 3605 dimus
812 3553 882 3603 Plin.
899 3550 980 3600 libr.
1000 3554 1023 3601 5.
1041 3549 1084 3596 De
1099 3546 1150 3596 ltoc
1168 3547 1252 3597 etiam

151 3639 329 3675 renea-arum:
359 3627 480 3677 dicuntur
496 3636 582 3679 autern
599 3632 678 3694 Cyre·
717 3630 828 3680 Diodor.
839 3628 886 3677 lib.
897 3641 936 3676 tv.
970 3622 1251 3677 denuntiarat.

150 3715 191 3750 nae
214 3700 439 3765 ‘Laserpiciferae’
462 3704 529 3768 quod
551 3706 577 3753 in
600 3709 679 3770 Cyre·
719 3708 817 3757 Lucan.
827 3703 873 3753 lib.
883 3715 922 3753 tx.
954 3697 1180 3751 Strab.llb.xvrt.

150 3777 225 3827 uaica
239 3778 344 3841 regione
362 3778 448 3827 herbae
461 3792 541 3842 genna
553 3781 680 3844 quoddam
752 3787 768 3830 a
785 3779 868 3842 Batti]
891 3779 985 3826 Battus
997 3777 1113 3839 Cyrenas
1124 3773 1254 3837 condidit,

151 3853 277 3915 Latinit,‘
290 3854 481 3917 Laserpicinru:
493 3855 681 3916 Graeets‚‘stl·
721 3859 764 3923 qui
786 3855 837 3905 fuit
858 3854 955 3903 ibidem
976 3852 1101 3913 renititur,
1122 3863 1253 3914 quemque

152 3926 249 3990 Phi⁰¹¹ss
265 3928 374 3990 dictum,
386 3927 506 3993 frequens
517 3929 681 3993 rebellatum
722 3931 892 3984 Callimacbur
908 3927 1100 3994 progenitorem
1120 3939 1194 3973 atrurn
1212 3924 1254 3975 t'u·

153 4003 226 4064 cujus
236 4003 324 4053 berba
335 4019 427 4055 aruceus
443 4006 451 4030 ‘
463 4004 553 4054 Lare?
569 4006 682 4068 appella·
721 4009 771 4057 irre
782 4005 860 4056 dicit:
884 4004 952 4052 uude
970 4009 1076 4052 vocatur
1086 4000 1226 4051 Battiaden
1238 4016 1254 4050 a

154 4085 206 4139 tur,
216 4076 304 4128 folium
316 4079 490 4145 ‘Marpetnm'
501 4080 613 4141 dicitnr;
625 4083 681 4145 ejus
722 4082 823 4133 Catullo
835 4087 862 4129 et
871 4079 965 4130 Statio.

154 4167 215 4209 utus
226 4161 265 4203 ert
281 4155 307 4204 in
326 4155 521 4207 medicamentis
531 4157 682 4222 exquisitus.
