2774 4702
483 315 514 361 0.
539 312 696 362 vannius
721 312 886 363 OA'PULLI

514 551 721 620 GARMEN
744 552 865 620 ml

561 720 602 769 m
619 719 821 781 cursoris.

269 850 436 930 Annene,
450 852 727 937 hendecasyllabi,
742 861 826 937 quot
842 855 924 919 estis

271 953 399 1018 Omnes
413 954 570 1039 undique,
584 959 748 1039 quotquot
762 957 845 1023 estis
862 975 985 1022 omnes.

268 1053 292 1119 J
294 1074 394 1120 ocum
408 1075 461 1120 me
476 1061 570 1140 putat
584 1076 659 1122 esse
671 1057 807 1123 tnoeeha
819 1058 940 1142 tntpis,

269 1156 316 1221 Et
329 1162 427 1239 negat
439 1157 522 1222 milti
534 1162 647 1224 restra
661 1158 863 1225 reddituram

271 1257 467 1341 Pugilleria,
483 1259 514 1324 si
526 1260 598 1343 pati
612 1261 769 1344 potestis,

268 1359 518 1444 Perseqnamur
531 1379 618 1440 eam,
633 1368 668 1426 et
683 1359 921 1443 refingitemus

268 1459 357 1540 ere
372 1461 427 1540 sit,
441 1461 620 1545 qtreoritisi
642 1461 713 1542 ilia,
730 1482 830 1546 qoam
846 1461 967 1526 videtis

269 1562 384 1648 Turpe
398 1563 563 1643 incedere,
577 1565 712 1630 mimice
725 1583 767 1629 ac
782 1563 924 1629 moleste

268 1662 452 1729 Ridentem
467 1666 571 1730 catnli
587 1685 644 1730 ore
656 1665 838 1732 Gallicani.

172 1845 197 1897 0
213 1860 305 1924 vcrsss
321 1847 602 1926 memmasce
620 1849 670 1925 buc
682 1862 765 1925 ‘mser
779 1850 939 1912 estem,
958 1851 1069 1912 reama
1080 1847 1146 1925 scis,
1162 1863 1242 1898 mres

138 1915 327 2026 wlizi
370 1913 764 2051 trimlidum,-
777 1911 1246 2052 mmmm

135 2040 269 2102 militares
282 2054 436 2103 reputasses.
474 2039 517 2090 An
534 2055 580 2090 vos
595 2040 854 2105 mammilla
862 2039 915 2092 otti
929 2042 1177 2104 siictpssest‚ptsors
1188 2055 1246 2091 oss·

137 2103 340 2168 spisitistssspiltr
349 2104 465 2167 indae,
474 2104 616 2155 lttslricssm
623 2119 696 2167 nors,
705 2110 731 2155 et
740 2106 834 2155 saluts
843 2105 1021 2154 udtisnsstsm
1029 2105 1095 2156 sicis
1104 2108 1173 2154 ersis
1183 2106 1246 2154 Gel-

599 2246 777 2267 mmm

171 2331 187 2378 t
203 2326 236 2376 ln
247 2327 307 2378 edd.
316 2334 381 2380 vett.
392 2335 481 2392 soora,
491 2336 576 2380 ortum
588 2345 620 2380 ex
640 2330 723 2394 setis.
743 2331 804 2380 leet.
822 2336 915 2380 metro.-
932 2331 958 2380 in
970 2331 1039 2381 Stat.
1056 2329 1134 2380 codd.
1152 2334 1240 2381 osma.

139 2391 269 2442 Catullum
286 2393 420 2456 scripsisse
443 2395 568 2444 redditore
588 2393 691 2458 potavit
709 2394 828 2445 Sosi—t
846 2395 910 2445 Mel.
923 2395 992 2458 conj.
1004 2394 1038 2444 sic
1052 2394 1106 2457 poti
1122 2392 1242 2458 potestis?

139 2454 186 2507 sill
203 2455 295 2520 legunt
316 2463 345 2507 et
360 2457 532 2522 distinguent,
550 2459 702 2522 Popiiletior
721 2459 744 2507 si
763 2459 818 2522 poti
853 2459 945 2521 olem
965 2459 1148 2522 Perseqsosssr,
1166 2460 1244 2520 tre.-

138 2523 154 2568 8
170 2519 275 2571 Vicent
285 2520 359 2571 Brix.
371 2521 481 2574 Veneti.
493 2529 520 2572 et
531 2522 588 2574 alita
600 2528 666 2572 vett.
677 2521 812 2584 exhibent,
857 2537 900 2586 rpe
910 2523 928 2573 i.
938 2523 1058 2587 munke,
1070 2522 1140 2588 qued
1151 2520 1244 2572 deien-

139 2582 202 2634 dere
211 2585 331 2635 tentabat
342 2587 423 2636 Deos.
441 2587 475 2638 P.
494 2585 605 2637 afferens
621 2601 655 2637 ex
675 2586 771 2636 Plauto
789 2584 970 2637 ‘formicinum
982 2586 1091 2651 pradum
1101 2583 1119 2635 ι’
1135 2585 1162 2635 in
1174 2585 1244 2637 Stat.

139 2646 217 2698 codd.
236 2649 342 2700 mindae
351 2651 405 2701 sive
415 2652 529 2701 mannire
535 2667 546 2711 ,⁰
562 2651 590 2700 in
599 2648 674 2701 Matr.
683 2652 700 2702 1.
711 2650 818 2700 mimice
824 2667 834 2709 ,·
856 2651 924 2700 nnde
943 2651 1012 2701 Stet.
1031 2651 1240 2699 levitermuesns

139 2712 307 2777 legebatiile
332 2731 373 2766 .e.
393 2715 479 2780 lbrpe,
496 2715 552 2765 slve
571 2715 807 2779 heptemimerim,
820 2714 912 2764 mimice
927 2729 965 2776 oe,
978 2717 1019 2778 tt.
1032 2713 1162 2778 probante
1173 2713 1244 2764 Seni.

141 2776 286 2828 Corradd
332 2779 456 2829 ramice.
489 2778 597 2830 Erbsrd.
615 2779 653 2829 sd
667 2779 776 2828 Petron.
794 2793 820 2830 c.
837 2781 894 2830 lta
911 2778 1093 2842 certissimus,
1111 2777 1246 2844 quodsibi

637 2941 745 2992 NOTAE

173 3055 187 3100 1
206 3049 415 3118 Hesdccasyllabt]
441 3053 568 3104 Carminis
590 3068 671 3119 penus
744 3061 758 3105 t
778 3052 925 3118 Pupillerie]
942 3050 1119 3117 ‘Pugillares'
1130 3057 1160 3102 et
1176 3052 1186 3082 ‘
1196 3066 1244 3117 ps·

141 3132 183 3177 est
200 3126 239 3177 lta
250 3126 349 3178 dietum
362 3129 396 3179 sb
407 3129 538 3194 undecim,
550 3145 565 3181 e
577 3131 675 3197 quibus.
711 3128 829 3195 pinara,'
841 3129 963 3181 dixerunt
973 3126 1092 3192 Antiqui.
1124 3126 1245 3179 'labella

143 3206 256 3267 consul,
264 3204 382 3270 syllabis,
395 3206 446 3257 aiio
456 3207 560 3257 nomine
570 3207 671 3258 Phala·
711 3212 787 3256 erant
806 3206 910 3272 llgnese,
928 3205 972 3255 vel
989 3218 1083 3266 ceren,
1102 3203 1145 3253 rei
1164 3204 1246 3254 etism

141 3278 209 3328 cium
220 3293 265 3330 sen
283 3279 455 3331 Pbsleuclum
472 3282 505 3332 ab
516 3283 572 3347 ejus
584 3282 672 3334 inven·
712 3281 823 3345 eboreo,
831 3288 917 3330 tutex
926 3280 977 3331 alia
985 3279 1138 3342 materiale
1149 3279 1244 3345 quibos

142 3359 199 3403 tore
223 3354 355 3405 Phalereo
381 3363 568 3421 noncupatum.
613 3359 672 3409 Hoc
713 3358 782 3422 stylo
792 3356 965 3407 scribebatur.
999 3354 1077 3405 Dixit
1087 3360 1176 3404 sotem
1194 3355 1245 3406 Ca·

141 3429 252 3479 maxime
272 3429 389 3481 catullus
411 3432 517 3483 excellit
535 3433 672 3484 Carmine:
713 3433 800 3495 tullus,
821 3435 900 3480 oestro
919 3430 1060 3493 Maesio,
1087 3429 1244 3494 alloquendo

142 3503 212 3554 node
227 3505 285 3568 ejus
296 3519 373 3569 opem
391 3507 417 3556 in
434 3509 473 3556 sui
491 3508 616 3559 ultionem
626 3508 672 3558 im·
712 3516 774 3558 strcs
785 3520 873 3556 versos
887 3504 1124 3570 hendecasyllabos,
1135 3503 1197 3570 quis
1207 3504 1245 3555 ni·

147 3579 245 3642 plorat,
255 3586 285 3628 ut
296 3579 458 3643 pugillaress
467 3582 604 3632 meretrice
615 3597 675 3647 qua·
711 3583 803 3633 mirum
813 3581 852 3630 bis
864 3580 1009 3631 scribendis
1021 3587 1096 3631 erant
1108 3579 1205 3631 dicate.

145 3656 587 3723 damsibisurreptosextorqueat.
615 3659 674 3709 Pri·
744 3653 886 3717 SMimice]
914 3653 947 3703 Id
969 3661 1020 3718 est,
1040 3654 1153 3718 turpiter
1172 3655 1246 3706 inee-

141 3730 398 3797 mnmquiderneam
416 3734 540 3785 conviciis
556 3737 674 3800 aggredi·
711 3731 797 3782 dendo
826 3730 1032 3795 gesticulantem.
1074 3727 1128 3780 Alii
1152 3730 1245 3794 legunt

141 3816 264 3875 tur,qoae
282 3822 341 3858 enm
358 3807 420 3858 nihil
439 3809 549 3874 prosint,
566 3812 673 3861 tandem
711 3806 833 3872 mprmice,
844 3813 874 3856 ut
885 3806 920 3855 sit
938 3805 978 3855 ila
995 3806 1067 3855 lento
1086 3803 1245 3869 grsdndor·

142 3885 223 3936 etism
234 3883 367 3935 blanditiis
386 3899 442 3935 estn
458 3883 606 3936 demulcere
618 3893 673 3937 ten·
712 3883 835 3933 micarum
847 3895 928 3944 more,
938 3879 1071 3943 incedere,
1084 3885 1114 3930 nt
1125 3879 1168 3930 rix
1180 3880 1245 3946 pedi

141 3965 190 4010 tet.
534 4014 537 4019 ,
711 3972 758 4022 pes
772 3956 933 4021 preferatur.
950 3955 1039 4007 Plaot.
1051 3954 1077 4004 in
1094 3955 1226 4007 Menoeelr.

174 4041 190 4084 ll
206 4037 426 4102 Joeammeptttol]
440 4035 670 4102 Siel'ropert.ilb.
743 4038 760 4083 9
778 4034 909 4083 Cataliore
921 4030 1053 4094 Gallicam]
1069 4030 1245 4082 Celebrantnr

143 4124 174 4161 rr.
187 4111 261 4174 Eleg.
279 4113 320 4162 Μ.
338 4115 378 4162 li.
395 4112 503 4162 ‘verum
514 4112 613 4165 Falisci
629 4113 673 4165 ‹lo-
712 4107 782 4175 apud
792 4108 901 4158 Veteres
912 4106 1148 4159 eGallierenstlcl
1155 4121 1246 4159 cansa

144 4185 220 4236 mins
228 4185 284 4249 jam
293 4185 376 4250 podet
386 4201 443 4239 esse
449 4187 559 4253 jocum?
712 4183 792 4236 ovid.
805 4184 872 4235 liet.
883 4196 903 4234 r.
919 4183 973 4234 ‘Ut
983 4182 1055 4234 esais
1066 4181 1094 4234 ln
1111 4197 1195 4236 esem
1207 4185 1246 4236 le·
