2774 4702
541 330 785 381 ussalnomt.

478 545 571 612 Idem
585 547 645 614 lib.
663 564 703 613 Χ.
719 567 796 632 cap.
809 548 844 612 1.

151 684 294 750 Iambus
306 702 371 747 nou
385 699 467 746 sane
482 700 505 745 a
525 674 690 745 Romanis
705 682 889 747 celebratus
910 684 974 758 est,
988 683 1025 744 ut
1038 682 1210 765 proprium

107 807 219 872 opus:
242 805 264 850 a
278 782 481 868 quibusdam
495 782 731 866 interpositus:
754 782 850 868 cujus
865 783 1030 849 acerbitas
1044 785 1080 848 in
1094 781 1209 850 Catul-

107 890 158 966 lo,
172 885 352 964 Bibaculo,
365 885 535 950 Horatio:

152 991 312 1057 Meminit
322 993 486 1072 praeterea
496 986 538 1052 de
547 986 682 1053 catullo
698 984 925 1067 Quintilianus
939 986 998 1052 lib.
1012 1004 1068 1052 rx.
1089 1007 1165 1072 cap.
1176 988 1210 1053 3.
1278 1031 1323 1046 .-

109 1094 187 1158 ct4.
198 1092 277 1156 item
287 1090 348 1155 lib.
365 1105 420 1153 xl.
435 1107 511 1172 cap.
526 1088 558 1152 l.
575 1092 610 1152 et
623 1088 655 1154 3.

235 1256 404 1323 Martialis
416 1256 477 1321 lib.
494 1272 518 1319 1.
541 1255 655 1339 Epigr.
672 1254 830 1339 Epistola
844 1254 887 1321 ad
901 1254 1088 1323 Iacturam.

22 1461 24 1465 ,
153 1393 335 1458 Lascivam
361 1393 536 1458 verborum
564 1390 747 1468 veritatem,
777 1390 812 1455 id
846 1395 908 1468 est,
937 1390 1211 1476 Epigrammatou

108 1492 257 1578 linguam
277 1512 483 1572 excusarem,
496 1492 526 1557 si
547 1511 661 1555 meum
682 1497 770 1556 esset
792 1492 1004 1575 exemplum:
1026 1495 1077 1565 sic
1098 1495 1213 1560 scribit

111 1595 289 1677 Catullus3
311 1597 362 1661 sic
378 1594 524 1672 Marsus,
538 1592 597 1687 sic¹
608 1590 714 1668 Pedo,
729 1592 779 1656 sic
794 1591 982 1672 Getulicus,
998 1593 1048 1658 sic
1064 1596 1214 1679 quicum·
1266 1635 1298 1649 ψ

111 1718 180 1782 que
193 1700 387 1785 perlegitur.
537 1797 542 1809 ι
907 1789 910 1794 Ι

480 1865 575 1930 Idem
587 1863 647 1930 lib.
664 1880 690 1929 1.
713 1864 826 1948 Epigr.
840 1863 896 1930 62.

243 1999 382 2066 Verona
395 2000 485 2066 docti
499 1999 649 2083 syllabas
666 2004 757 2065 amat
770 1999 869 2064 vatis.

448 2167 544 2234 Idem
557 2168 615 2233 lib.
633 2184 675 2234 11.
699 2167 811 2252 Epigr.
825 2167 881 2232 71.

245 2302 404 2368 Protinus
418 2309 480 2368 aut
495 2303 603 2368 Marsi
617 2304 752 2384 recitas,
766 2308 826 2368 aut
840 2303 965 2386 scripta
979 2299 1114 2368 catulli.
1245 2354 1271 2362 -

440 2475 539 2542 Idem
553 2476 613 2544 lib.
630 2493 681 2540 ιν.
704 2476 820 2561 Epigr.
835 2475 888 2540 14.

245 2611 303 2675 Sic
316 2608 431 2675 forsan
445 2617 536 2674 tener
551 2621 656 2674 ausus
672 2613 725 2674 est
738 2600 890 2672 Catullus

245 2710 372 2794 Magno
388 2710 517 2775 mittere
531 2710 710 2774 Passerem
725 2707 871 2772 Maroni.

388 2852 393 2857 ⁵
463 2875 561 2941 Idem
573 2875 633 2939 lib.
650 2892 685 2941 v.
707 2871 824 2958 Epigr.
839 2873 871 2938 5.

245 3011 299 3076 Sit
312 3012 457 3076 locuset
471 3011 595 3076 nostris
611 3011 724 3095 aliqua
737 3011 798 3076 tibi
812 3014 907 3094 parte
919 3009 1055 3087 libellis,

288 3113 493 3193 QuaPedo,
509 3131 576 3198 qua
589 3111 739 3192 Marsus,
755 3131 889 3197 quaque
902 3108 1055 3177 Catullus
1066 3111 1136 3176 erit.
1255 3177 1312 3196 ‚x

438 3279 532 3344 Idem
547 3280 606 3344 lib.
622 3294 690 3344 vn.
714 3278 830 3363 Epigr.
845 3279 900 3344 14.

245 3410 382 3477 Accidit
395 3411 566 3477 infandum
579 3419 703 3478 nostrae
720 3412 843 3489 scelus,
857 3410 958 3490 Aule,
973 3412 1116 3495 puellae:

287 3511 413 3579 Amisit
426 3514 534 3592 lusus,
548 3514 756 3598 deliciasque
772 3533 863 3579 suas.

245 3615 326 3681 Non
340 3617 456 3698 quales
470 3616 572 3680 teneri
587 3616 731 3701 ploravit
746 3617 856 3682 amica
871 3614 996 3681 Catulli

287 3716 427 3796 Lesbia,
441 3716 597 3800 nequitiis
612 3716 765 3783 Passeris
780 3718 863 3783 orba
877 3716 941 3782 sui.

432 3882 526 3948 Idem
539 3881 598 3947 lib.
614 3898 698 3948 vlu.
721 3882 834 3967 Epigu.
848 3882 903 3948 73.

247 4018 370 4083 Lesbia
384 4015 539 4097 dictavit,
553 4017 656 4085 docte
670 4017 811 4097 Catulle,
826 4017 902 4083 tibi.
