2774 4702
562 309 720 357 GARMEN
746 309 825 358 th.
883 322 886 328 ·

354 453 396 518 Io
411 451 546 536 Hymen
561 451 748 536 Hymenaee
758 455 804 531 io,

396 553 436 618 Io
452 553 591 636 Hymen
603 552 804 638 Hymenaee.

354 653 429 718 Vos
444 655 542 719 bonae
557 654 693 719 senibus
708 654 790 720 viris

355 754 507 836 Cognitae
523 756 610 818 bene
623 754 786 832 foeminae,

354 849 528 921 Collocate
541 856 734 941 puellum.

352 956 394 1022 Io
410 956 545 1038 Hymen
559 955 747 1040 Hymenaee
761 955 809 1034 io,

317 1083 321 1088 ·
396 1055 437 1121 Io
453 1055 587 1139 Hymen
602 1056 803 1139 Hymenaee.

353 1156 377 1221 J
378 1177 432 1221 am
446 1157 527 1221 licet
541 1157 669 1233 uenias,
684 1157 825 1220 marite:

352 1258 450 1322 Uxor
464 1258 499 1321 in
514 1258 659 1323 thalamo
675 1257 805 1321 esttibi

353 1358 420 1423 Ore
435 1358 593 1423 floridulo
606 1358 733 1438 uitens3

353 1459 443 1524 Alba
456 1460 647 1544 parthenice
662 1460 769 1537 velut,
890 1539 894 1548 ⁸

397 1560 581 1628 Luteumve
591 1580 754 1645 papaver.
1156 1649 1159 1652 Ι
1175 1561 1241 1626 195

136 1713 201 1776 lpse
218 1725 282 1760 nune
296 1714 370 1785 petet·
383 1710 468 1759 lectum
485 1712 569 1787 fueriti
588 1711 635 1788 sui.
663 1710 734 1788 .⁰,H
748 1709 981 1788 nenaeeHymen,·o
992 1710 1090 1788 llyrium
1100 1710 1240 1775 Hymenaee.

136 1774 162 1851 ,⁰
174 1791 217 1890 aar
222 1774 302 1885 probg
310 1775 422 1886 galenes
427 1779 524 1887 ἕιιὲέιε
533 1776 705 1888 υεειιὶιὲιιιιιοιε
710 1776 822 1890 dicenter
831 1780 1039 1889 m‘lbwm'gsslu
1048 1781 1241 1889 commitam

135 1854 163 1889 ιιι
204 1854 241 1892 ro.
338 1853 428 1902 ynrem
483 1853 590 1902 ymo
630 1855 699 1904 ymen
738 1855 848 1904 ymenaee.
910 1854 954 1890 nnc
1004 1854 1082 1890 reone
1176 1853 1241 1890 aece-

137 1905 201 1965 dere,
217 1920 232 1951 o
248 1916 346 1965 speum
362 1907 386 1952 te
401 1907 510 1965 expectat
529 1904 556 1953 in
571 1903 630 1952 lecto
648 1904 742 1968 geniali
761 1919 844 1968 moneo
860 1904 946 1966 tiendo
956 1904 1080 1968 apientiam
1089 1905 1164 1965 uultu
1174 1903 1241 1969 quoti

137 1968 239 2019 emona
246 1967 393 2031 parthenice,
409 1971 452 2016 eet
462 1968 563 2016 eutium
581 1983 694 2032 papaver.
726 1968 775 2018 Sed
791 1974 870 2018 tumen
881 1968 1001 2029 formosus
1017 1983 1051 2033 ee,
1067 1984 1082 2020 o
1098 1983 1189 2032 epam,
1204 1968 1241 2017 ito

601 2113 779 2134 mm

137 2213 206 2258 nett.
224 2207 298 2259 Brix.
313 2214 341 2258 et
357 2209 461 2260 vicent„
498 2209 593 2263 Arent.
619 2211 687 2323 cony‘.
709 2211 788 2274 adeat,
808 2210 877 2275 qnod
896 2193 1054 2274 receperunt
1083 2208 1144 2260 Ali.
1165 2208 1241 2261 Jnut.

139 2272 226 2323 Colin.
240 2273 342 2337 Grypb.
361 2275 433 2324 Mur.
444 2279 472 2322 et
482 2274 643 2337 Vulp-—lsso
675 2290 692 2323 n
711 2274 772 2324 edd.
787 2281 851 2325 vett.
877 2275 924 2325 Vos
941 2275 995 2325 nnis
1011 2274 1103 2325 redibat
1121 2273 1241 2330 bonaria

138 2337 256 2386 omnibus
267 2337 334 2387 Stat.
345 2337 422 2389 codd.
444 2339 491 2389 Vos
501 2338 566 2387 bone
579 2339 674 2387 unitur
683 2339 736 2388 nnis
743 2354 753 2398 ς
770 2353 803 2387 ex
833 2354 865 2389 no
877 2339 939 2389 fecit
950 2341 1013 2390 lect.
1025 2345 1154 2399 nostram3
1173 2338 1242 2388 Seni.

187 2406 232 2450 tea
253 2399 391 2451 affirmavit
408 2417 437 2451 se
457 2403 483 2452 iu
506 2417 552 2451 suo
569 2402 627 2453 cod.
650 2403 742 2466 legisse
767 2354 983 2452 Voeloneeentnee
996 2403 1050 2453 anie
1063 2403 1163 2464 cognite
1174 2401 1242 2450 breue

149 2465 348 2528 mersat.
361 2467 428 2529 conj.
441 2466 567 2529 reposuit,
579 2467 646 2516 breve
659 2475 743 2516 tumen
756 2467 843 2529 legens
859 2481 907 2529 pro
918 2466 974 2516 bene
985 2467 1012 2515 in
1028 2466 1147 2529 sequenti
1159 2478 1244 2526 versu,

139 2542 217 2592 quem
227 2536 319 2578 secuta
327 2537 368 2580 est
377 2530 437 2594 Bip.
455 2531 531 2579 Voss.
544 2544 591 2592 pro
599 2531 658 2579 ciris
668 2530 765 2578 mavult
779 2529 854 2591 bonis,
864 2531 906 2579 cui
918 2531 1020 2579 emend.
1031 2529 1103 2579 favet
1115 2544 1153 2578 vs.
1163 2533 1202 2578 19.
1213 2534 1243 2577 et

138 2592 215 2655 hujus
234 2593 345 2655 epitheti
365 2608 427 2642 usus
446 2608 494 2658 per
517 2600 602 2642 toturn
621 2594 668 2642 bo'c
689 2595 800 2643 Carmen
815 2593 1080 2656 suaviterrepetitue.
1113 2592 1202 2641 Parth.
1215 2592 1243 2640 iu

138 2656 207 2706 notis
216 2657 314 2719 laudat,
329 2658 376 2707 Ver
385 2657 440 2708 imis
449 2658 543 2707 aedibus
553 2657 632 2715 boam
658 2655 754 2706 Arnut.
767 2659 835 2722 conj.
857 2657 904 2706 Vos
914 2658 967 2709 unis
977 2657 1070 2707 renibus
1083 2655 1158 2718 benoe,
1173 2655 1243 2720 qnod
1274 2659 1276 2671 '

139 2728 300 2785 receperunt
321 2720 384 2771 Ald.
400 2722 474 2776 Junt.
498 2723 567 2773 Mur.
585 2722 646 2784 alii;
666 2721 768 2786 Grypb.
786 2725 812 2772 2.
830 2720 944 2785 exhibet,
955 2721 1026 2772 Bina
1037 2722 1063 2772 in
1074 2719 1163 2769 redibat
1173 2719 1243 2769 nnius

638 2861 745 2937 nona

140 3017 214 3069 gero,
226 3003 271 3069 qui
280 3004 338 3053 vult
347 3002 396 3053 boc
407 3002 500 3053 referri
508 3002 541 3052 nd
552 3002 673 3054 mulieres
710 3002 759 3052 ller
771 3009 830 3067 post
842 3002 951 3067 primum
966 3002 1098 3063 maritum,
1117 3001 1244 3067 srrsceplr·

141 3077 280 3143 pronubas,
291 3077 336 3143 qni
355 3092 448 3128 novam
465 3092 584 3142 sponsam
595 3078 675 3128 dedu·
712 3084 753 3128 set
770 3080 890 3130 alterum.
930 3078 1007 3129 Unde
1024 3077 1117 3142 virgil.
1131 3079 1242 3130 AEn.1t¹.

141 3153 246 3204 emant.
470 3158 480 3170 “
546 3175 548 3187 ·
713 3155 835 3203 iteratum
844 3154 1032 3206 matrimonium
1041 3159 1118 3203 vocat
1126 3155 1246 3217 culpante.

176 3235 228 3281 186
244 3229 291 3280 Vee
302 3222 469 3280 tensanus
478 3230 538 3279 airis
556 3231 622 3294 [uait
637 3244 675 3280 ee·
714 3229 806 3279 ‘Huic
817 3230 863 3279 uni
875 3228 962 3278 forsan
976 3227 1056 3295 potui
1074 3227 1250 3281 succumbere.

142 3306 213 3356 nibus
231 3305 309 3370 bene]
341 3303 428 3355 Aliter
445 3306 525 3355 etiam
536 3306 592 3355 brec
603 3305 676 3368 legit,
715 3303 818 3368 culpe!

142 3387 173 3432 et
183 3381 293 3445 exponit
305 3395 352 3430 sno
362 3395 435 3430 more
453 3381 578 3431 laudabili
595 3380 676 3431 Scali-
747 3384 793 3429 191
811 3379 934 3429 inminet
943 3379 1031 3444 veniae,
1044 3377 1141 3440 marite]
1174 3376 1245 3429 Hine
1282 3407 1284 3411 ·

141 3471 208 3520 gen
233 3456 278 3520 qui
294 3470 345 3506 non
363 3456 477 3508 advertit
487 3458 548 3507 olim
567 3458 594 3506 in
604 3472 676 3507 mora
715 3463 790 3521 patet
800 3472 897 3508 morem
908 3455 996 3522 subse,
1014 3463 1045 3508 nt
1062 3457 1132 3522 prior
1150 3456 1202 3507 iret
1217 3457 1245 3508 in

140 3530 224 3582 fuisse
243 3531 404 3596 positum,ut
415 3531 477 3583 boni
494 3533 585 3583 ominls
597 3547 676 3583 cansa
715 3535 813 3584 lectum
831 3547 933 3597 sponsa,
950 3547 1027 3598 qnam
1050 3538 1141 3597 postea
1159 3531 1245 3584 adiret

140 3608 169 3658 in
189 3606 304 3658 cubiculi
323 3609 387 3661 selle
401 3615 429 3658 et
447 3610 472 3658 ln
491 3610 560 3661 lecto
580 3611 676 3676 geniali
714 3611 820 3660 maritus
831 3609 858 3658 iu
868 3611 939 3659 lecto
945 3609 1001 3674 jam
1011 3608 1174 3659 collocatam.

140 3697 237 3734 noram
249 3690 357 3748 nuptam
369 3685 676 3750 matronaennirirae‚i.e.
748 3689 795 3735 194
812 3686 956 3738 Partheniee
972 3687 1045 3749 ceint,
1058 3685 1186 3736 Lueamee
1203 3701 1246 3750 pu·

141 3775 202 3824 quae
213 3759 260 3810 uni
273 3765 375 3831 tanturn
386 3750 443 3811 viro
460 3767 611 3826 nupserant,
622 3764 676 3813 col·
714 3759 799 3824 poen]
834 3761 990 3812 Partheniae
1015 3775 1061 3812 sen
1084 3761 1246 3810 Parthenion

142 3835 276 3897 locareut3
293 3835 363 3899 quod
374 3850 466 3886 munus
477 3837 508 3887 lis
519 3839 677 3889 solummodo
716 3836 797 3886 berba
813 3842 863 3898 est,
883 3853 940 3904 qna
952 3837 1004 3888 fert
1014 3835 1104 3886 florem
1115 3836 1167 3886 albi
1178 3835 1247 3885 colo·

142 3910 270 3960 matronis
303 3911 520 3977 demandabatur,
553 3920 677 3978 tanquam
717 3913 763 3963 ris.
796 3913 839 3964 Sic
850 3914 975 3978 insignem
986 3911 1064 3965 Julire
1077 3909 1247 3974 pulchritudi-

122 4032 126 4037 .
144 3983 311 4047 castioribus,
330 4001 389 4049 quae
407 3987 509 4038 unicum
521 3993 621 4037 tautum
633 3987 677 4037 ba·
717 4004 775 4039 nem
787 3989 916 4053 siguificat
926 3989 1020 4050 Poeta,
1031 3987 1119 4035 dicens
1136 4000 1194 4035 enm
1210 3986 1248 4036 ni·

109 4081 112 4085 ·
144 4060 404 4129 buissentmaritum.
436 4063 541 4126 Signum
551 4064 619 4112 enim
627 4060 678 4113 fuit
716 4069 775 4115 tere
793 4064 852 4114 albo
870 4065 957 4114 colore
976 4062 1054 4112 rubro
1070 4060 1162 4111 mixto.
1194 4061 1247 4111 Pa-

142 4128 356 4203 intemperantia
367 4138 511 4205 cujusdam,
523 4138 545 4190 si
562 4153 612 4206 qua
623 4153 677 4190 mu·
717 4153 799 4204 parer
820 4139 888 4191 enirn
909 4139 1017 4201 luteum,
1037 4135 1146 4188 tertium
1164 4151 1248 4204 genas
