2774 4702
446 325 495 374 ΠΕ
518 323 659 373 munais
683 323 860 376 caunum.

94 471 233 533 Catullus
248 473 327 532 huno
342 469 464 532 adhibet
479 467 580 538 semel,
595 467 693 531 earm.
703 483 788 529 xxv.

229 583 335 636 Cinaede
345 583 443 648 lhalle,
453 581 555 633 mollior
565 579 676 633 cuniculi
688 578 792 645 capillo.

132 709 221 768 vrrs.
243 689 481 787 octavi-{genera
505 715 552 767 ast
576 704 781 778 choriambus,
797 704 847 783 qui
866 709 984 767 constat
998 664 1198 792 quinquepa

94 787 354 943 ghhhlfhijmimm
377 789 531 867 spondaeo,
553 787 647 847 tribum
670 783 848 847 choriambis
871 816 1011 863 -υυ-,
1033 797 1064 849 et
1083 791 1197 879 pyrrhi·

292 980 409 1047 ventosi
422 981 497 1032 irrltll
506 979 547 1030 ier
561 978 566 1046 Ι
580 993 609 1030 re
619 982 648 1031 et
659 978 766 1030 nebulus
780 977 786 1046 Ι
800 979 882 1030 strias
896 978 902 1046 Ι
915 981 977 1031 alnis

95 1104 165 1166 Hoc
177 1125 277 1166 versus
289 1125 395 1184 genere
405 1103 577 1183 conscripta
591 1112 636 1164 est
648 1102 762 1163 Horatii
777 1120 801 1164 1.
818 1104 879 1165 od.
898 1115 945 1168 18.

293 1218 408 1282 Nullam,
417 1218 497 1276 Vere,
509 1230 583 1267 sacra
593 1216 649 1266 uile
661 1216 733 1282 prius
745 1217 842 1268 seueris
854 1217 982 1269 arborem.

95 1334 200 1395 Utitur
214 1353 250 1392 eo
265 1333 399 1394 Catullus
412 1331 501 1391 semel
514 1329 613 1390 Caum.
629 1344 715 1390 xxx.

291 1443 410 1508 Alpheae
422 1443 566 1504 immemor,
577 1446 658 1505 atque
670 1440 798 1490 unanimis
809 1440 874 1493 false
886 1443 1027 1494 sodalibus.

135 1569 194 1626 lx,
216 1566 296 1624 Noni
310 1564 424 1644 generis
438 1572 484 1624 est
493 1562 798 1640 Pseudo-phaleucius
812 1563 1036 1642 ὁεκασΰλλαβοε,
1056 1568 1106 1647 qui
1120 1567 1153 1628 fis
1163 1587 1199 1628 ex

93 1648 214 1706 duobus
226 1646 382 1724 spondaeis,
396 1665 431 1704 aa
445 1644 539 1704 tribus
554 1643 680 1713 choreis,
696 1652 749 1704 ut:

356 1756 443 1805 Femel
477 1757 566 1805 lasona
579 1753 587 1884 Ι
600 1754 670 1803 nesll
720 1755 800 1811 mich
838 1758 931 1819 prendi

315 1821 387 1872 Quas
401 1820 444 1870 vul
478 1826 507 1870 tu
540 1819 566 1870 ri
600 1820 626 1869 di
643 1824 670 1869 ta
704 1833 761 1870 men
775 1835 803 1870 se
837 1835 901 1871 reno

95 1936 247 1999 interdum
261 1934 412 2013 spondaeo,
425 1943 455 1994 et
467 1943 595 2013 quatuor
609 1934 742 2005 choreis;
765 1936 936 2014 cujusmodi

323 2049 360 2098 Te
370 2051 397 2099 in
410 2051 449 2098 cir
463 2047 468 2113 Ι
482 2053 513 2099 co
525 2055 552 2098 te
563 2049 590 2098 in
604 2045 610 2114 Ι
624 2049 693 2098 omni
705 2047 710 2114 Ι
724 2048 802 2100 busli
814 2048 819 2115 Ι
834 2048 909 2100 bellis

95 2163 278 2241 Tribrachys
299 2170 397 2222 aulem
421 2162 489 2220 loco
512 2162 645 2242 spondaei
671 2163 764 2243 prima
785 2164 814 2224 in
836 2164 908 2225 sede
929 2165 1046 2244 positus
1071 2165 1202 2226 occurrit

95 2261 146 2319 illo
161 2278 246 2319 versu
260 2280 267 2318 :

358 2373 461 2423 camarl
474 2372 479 2440 Ι
493 2377 536 2424 nm
546 2374 609 2424 mlhl
621 2373 626 2440 Ι
640 2375 711 2438 pessi
724 2374 729 2440 Ι
743 2388 792 2425 mae
804 2375 840 2438 pli
853 2373 858 2440 Ι
872 2375 930 2425 ellae

96 2497 196 2557 Utitur
210 2515 246 2554 eo
270 2493 404 2555 Catullus
428 2495 526 2567 semel,
544 2496 677 2574 quamvis
702 2496 897 2557 intermisceat
915 2496 1062 2576 legitimos
1084 2495 1202 2557 Hende·

96 2576 383 2655 casyllabos,Caru1.
402 2589 454 2634 nv.

359 2687 480 2752 Oramus,
490 2664 513 2737 si
523 2687 592 2738 forle
604 2702 656 2737 non
667 2689 806 2764 molestum
818 2693 867 2738 est.

138 2805 178 2862 X.
202 2801 318 2861 Decimi
332 2801 445 2879 generis
460 2808 505 2860 est
528 2799 704 2879 Glyconius,
724 2798 775 2878 qui
798 2797 858 2859 fere
872 2806 988 2860 constal
1002 2796 1155 2880 spoudoeo,
1171 2807 1203 2858 et
1243 2830 1246 2834 ·

96 2885 215 2944 duobus
227 2882 363 2961 dactylis,
379 2889 411 2940 ut
425 2901 432 2940 ε

406 2994 465 3045 Jarn
478 2997 519 3042 ser
533 2990 540 3058 Ι
552 2993 607 3041 vire
617 2992 672 3041 lna
686 2990 691 3056 Ι
705 2992 781 3041 lasslh

96 3114 138 3171 At
167 3109 343 3169 Veronensis
366 3108 459 3167 Poeta
485 3125 688 3186 saepenumero
718 3107 881 3171 trochaeum
908 3115 1032 3185 usurpat
1057 3107 1087 3165 in
1111 3107 1203 3185 prima

98 3191 190 3261 sede;
214 3188 383 3266 cujusmodi
398 3196 466 3246 suut
480 3188 541 3248 iiii:

408 3300 489 3362 Cinge
556 3298 673 3362 tempori
721 3296 828 3348 florlbhs

408 3365 522 3416 Suaveo
555 3364 668 3414 lentius
722 3363 820 3412 maraci

407 3429 522 3478 Flamma
555 3444 598 3477 um
624 3442 690 3492 cape
723 3427 861 3477 laetushuc

408 3494 470 3543 Huc
489 3506 522 3543 ue
554 3492 650 3542 ninive
724 3504 847 3555 ogerens

94 3609 260 3688 aliquando
274 3609 416 3679 iambum,
431 3608 508 3667 utin
522 3608 580 3667 hoo

410 3721 476 3770 Puer
490 3719 495 3786 Ι
509 3721 542 3771 1ae
554 3723 582 3770 et
593 3719 644 3784 phe
656 3719 663 3783 Ι
677 3717 699 3768 ri
709 3719 805 3784 integri

97 3836 204 3897 Utitur
217 3856 254 3897 eo
268 3835 404 3897 Catullus
417 3834 472 3906 bis,
485 3855 591 3913 nempe
607 3835 637 3895 in
655 3834 775 3895 duabus
793 3832 880 3907 odis,
902 3850 1027 3911 quarum
1046 3829 1142 3909 prima
1160 3835 1205 3888 est

98 3917 218 3976 dicolos
240 3915 472 3993 tetrastrophos3
494 3925 612 3977 constat
636 3916 714 3975 enim
735 3937 752 3975 e
773 3914 922 3993 Glycouio
946 3930 1031 3972 versu
1054 3917 1084 3970 et
1099 3909 1205 3968 Phere-

98 3998 216 4065 crali0;
239 3996 360 4074 singulae
382 4015 471 4075 porro
492 3997 559 4075 ejus
579 3997 709 4076 strophae
733 3995 884 4075 quaternis
900 3991 1030 4052 versibus
1044 3989 1203 4049 finiuntur:

99 4077 195 4136 altera
216 4086 261 4136 est
284 4075 398 4135 dicolos
419 4078 655 4154 penlaslrophos,
680 4097 747 4155 quae
770 4075 872 4134 iisdem
897 4090 1032 4129 versuum
1048 4068 1204 4148 generibus

101 4156 338 4234 conscriptam,
354 4156 405 4217 sed
418 4157 555 4235 strophas
568 4159 658 4218 habet
671 4156 796 4234 equinis
810 4153 960 4214 versibus:
