2774 4702
135 326 203 397 388
480 331 591 381 ΝΟΜ
615 328 817 380 VABIORUH
843 327 883 376 ΙΙ

137 478 189 532 so!
205 479 250 530 Sic
260 473 469 542 spod'libniinm
479 475 593 526 vicissim
603 473 673 523 nari-
711 471 832 536 gendum.
859 470 959 520 Protei·
972 471 1016 518 est
1030 465 1100 532 quod
1116 465 1251 518 Jurisooo·

136 557 245 620 bnspro
255 554 360 605 auribus
375 560 505 603 mutatum
519 558 587 602 erat.
603 551 672 600 ⁴0⁸·
711 547 941 608 suitusdioit‚‘io
955 541 1118 595 continenti!
1146 541 1250 592 Deboe

138 631 198 683 euin
229 629 391 694 comprensis
420 628 525 678 mribus
559 623 673 690 eripiet!
713 624 815 674 satisin
829 621 955 672 Varronis
972 619 1053 669 libros
1070 633 1160 669 rerum
1176 618 1251 667 rusti·

137 707 289 771 legendum
300 706 368 754 enirn
379 706 388 735 ‘
399 701 524 754 auribus!
540 701 616 751 Iden.
714 715 804 751 earum
815 698 935 748 diximus.
953 695 1029 745 lusu

171 788 187 833 7
206 784 255 833 Pro
264 782 321 846 telo]
348 781 446 830 Proteo
462 778 619 843 conjunctim
637 777 674 826 le·

524 1065 731 1135 CARMEN
755 1063 872 1130 LVII.

175 1295 191 1340 o
209 1288 323 1352 Gemelli]
339 1287 432 1338 Latine
443 1286 451 1315 ‘
463 1282 617 1350 genelium’
631 1296 679 1347 pro
720 1293 788 1344 pene
800 1276 922 1343 gemelli!
938 1276 1083 1328 Bsehortss.

143 1365 253 1417 ‘simui‘
266 1372 339 1414 recte
351 1364 457 1414 dixeris.
475 1363 570 1411 Horat.
579 1373 610 1409 ιι.
622 1360 679 1409 Sat.
751 1360 768 1404 9
786 1355 892 1417 Riooles,
902 1354 961 1403 socii
970 1353 1007 1415 ot]
1026 1353 1098 1414 Lego
1110 1349 1212 1399 mutes
1220 1364 1257 1399 ss·

143 1444 168 1495 8.
183 1441 191 1468 ‘
205 1454 251 1503 per
268 1439 356 1490 nobile
373 1435 482 1487 fratrum
501 1435 628 1500 Nequitia
651 1443 680 1483 et
719 1430 764 1480 oio·
774 1431 939 1493 pecuniarum.
958 1429 1091 1495 Scriptum
1099 1424 1180 1485 sooiei,
1192 1425 1257 1474 onti-

141 1516 228 1580 nugis‚
239 1528 376 1578 pravorum
386 1518 413 1562 et
423 1526 511 1560 amore
523 1506 679 1572 gemellum!
720 1507 818 1570 quitus,
829 1520 877 1570 pro
886 1505 953 1567 socii,
964 1510 993 1554 ut
1003 1504 1076 1564 lucei,
1088 1515 1138 1565 pre
1152 1503 1200 1550 ieci
1215 1515 1257 1549 su·

145 1590 181 1641 Et
199 1603 219 1639 1.
240 1590 326 1654 Epist.
344 1593 383 1638 1⁰.
399 1588 469 1636 ‘hae
487 1586 515 1634 iu
534 1599 563 1633 re
577 1584 680 1633 scilieet
721 1597 778 1646 pra.
804 1582 901 1633 Rioulu
916 1582 982 1642 socii,
993 1585 1023 1629 ut
1033 1579 1258 1641 distinguentem

144 1680 196 1717 uno
218 1665 333 1716 Multum
355 1663 502 1723 dissimiles,
522 1660 555 1710 sd
583 1667 681 1709 cetera
722 1657 860 1709 Rivalibus
872 1659 979 1709 aemulis·
995 1654 1061 1706 ocu.

542 1948 751 2015 CARMEN
773 1948 874 2014 LIX.
932 1982 939 1989 ·

180 2164 386 2213 lBououiensem
409 2161 487 2226 Rufo]
519 2160 572 2211 Hic
595 2160 682 2225 spurci
722 2162 819 2213 tionem
829 2162 964 2212 restituas?
981 2161 1008 2209 Si
1017 2158 1086 2208 euim
1097 2157 1258 2208 consideras·

147 2237 263 2288 homines
279 2236 387 2286 verbum
403 2251 524 2300 spurcum
542 2235 682 2285 substitue·
722 2245 781 2288 seut
791 2238 853 2302 quid
864 2235 1176 2297 essetverbnmsoiiot‚et
1187 2226 1257 2296 iliud,

148 2322 225 2366 runt:
243 2313 269 2363 in
289 2328 340 2377 quo
357 2327 407 2361 non
430 2313 512 2361 solum
532 2326 576 2361 eos
595 2324 684 2374 repre·
724 2313 774 2364 ‘ut
794 2313 918 2377 supplicis
937 2311 1046 2372 rocem,'
1068 2313 1118 2360 &e
1143 2309 1258 2373 profecto

147 2389 244 2451 heudo,
255 2388 300 2438 sed
312 2388 390 2437 etium
404 2403 482 2452 quum
498 2402 587 2437 eorum
603 2391 683 2436 terue-
723 2388 801 2437 aliter
812 2389 1034 2452 pronunciassent.
1049 2386 1113 2435 Sooi.
1150 2396 1154 2404 ·

148 2467 238 2525 ritate,
261 2478 312 2527 qua
331 2464 400 2512 huno
419 2462 504 2511 iocum
525 2461 683 2511 contamina·
755 2463 924 2526 Bononiensis]
943 2462 1079 2526 subjunge
1100 2461 1202 2524 signum
1222 2460 1258 2508 in·

150 2546 221 2602 runt,
237 2553 271 2588 ex
283 2553 334 2588 nno
351 2537 545 2601 Epigrammate
564 2536 616 2585 duo
631 2551 684 2587 non
723 2539 889 2601 terrogantis,
900 2538 1056 2588 Bononiensis
1068 2535 1259 2596 RusuRosuiius

149 2612 335 2677 integrufacta
352 2620 421 2663 snut.
454 2611 538 2677 Atqui
555 2613 683 2675 integrum
720 2613 815 2675 foliot?
841 2615 938 2663 Uxorne
955 2609 1043 2662 Morti?
1067 2610 1259 2661 stomachantis

150 2695 235 2739 totum
256 2689 305 2737 hoc
326 2688 495 2752 epigramma,
520 2688 541 2736 si
569 2695 685 2737 veterem
726 2696 774 2740 est.
802 2691 933 2750 Meleager.

150 2768 288 2816 lectionem
317 2764 343 2813 in
372 2778 430 2812 suos
459 2763 532 2812 sedes
543 2765 685 2816 uestitum:
758 2769 774 2814 2
796 2767 863 2814 Uxor
881 2764 992 2828 Meneni]
1008 2762 1091 2811 Vetus
1111 2760 1258 2823 scriptura:

151 2841 229 2904 piano
248 2838 315 2888 enim
335 2844 468 2886 exaratum
485 2843 535 2901 est,
552 2840 686 2890 Bononieu-
731 2839 797 2889 Uxor
804 2838 1102 2902 nemeniriege...i]ororue
1109 2831 1198 2884 Meni?
1208 2833 1261 2883 Ho-

151 2928 201 2963 sem
221 2911 288 2971 Rauso
307 2911 425 2968 Rufulum
438 2913 521 2972 foliot.
545 2904 686 2977 ‘Fallere'
729 2921 778 2963 rot.
789 2917 798 2942 ⁴
810 2914 924 2976 Meuius,
936 2918 966 2963 ut
981 2912 1059 2962 rebus
1076 2910 1203 2960 maternis
1223 2915 1260 2958 ot·

152 2993 195 3052 est
211 2984 324 3035 ‘fallere
334 2985 350 3035 ι’
370 2986 477 3035 verbum
496 2987 628 3052 antiquum
645 3005 687 3038 eo·
730 3004 779 3054 que
787 2989 902 3055 paternis
909 2989 925 3038 :'
938 2994 966 3036 et
978 2987 1096 3050 profecto
1104 2986 1260 3048 ἒμφατικύνε-

153 3060 308 3123 dommodo,
323 3066 374 3126 quo
392 3066 419 3110 et
436 3061 570 3115 ‘venere'
597 3063 687 3115 Attius
728 3082 768 3127 ρον
785 3071 825 3113 est
841 3078 900 3113 cum
918 3063 1135 3127 interrogatione.
1168 3062 1261 3120 iliano,

153 3137 289 3199 Alcmena,
306 3136 409 3186 ‘'i'nutn
427 3142 457 3187 ut
475 3135 624 3188 frustrando
643 3154 687 3188 va·
728 3153 786 3202 qnae
800 3152 883 3202 nuper
901 3138 928 3186 in
947 3137 1121 3203 sepulchretis
1142 3136 1262 3200 rapiebat

153 3226 225 3274 nens,
236 3211 345 3274 iactans,
359 3212 512 3276 protrahat?
535 3214 688 3278 ‘Laetare'
727 3215 899 3265 silicernium?
916 3216 1011 3278 Neque
1026 3213 1146 3272 dubium,
1157 3212 1218 3277 quin
1229 3211 1261 3259 sit

155 3286 293 3349 ‘Venere'
303 3287 312 3314 ‘
324 3286 445 3349 Fallere‚’
456 3286 523 3335 idem
539 3302 622 3352 prope
637 3289 688 3352 sig·
727 3292 749 3340 is
759 3291 818 3353 ipse
824 3291 936 3353 Meuius,
944 3290 977 3340 de
986 3303 1038 3354 qno
1046 3288 1176 3338 Horstius
1184 3288 1260 3351 serip-

155 3360 261 3411 nificare
273 3361 404 3411 videntur.
432 3361 464 3410 lu
480 3362 549 3413 enim
560 3371 611 3428 est,
622 3362 688 3413 falsa
727 3366 763 3416 sit
780 3372 890 3429 paterna
900 3373 979 3429 atque
990 3371 1107 3414 materna
1118 3363 1189 3413 bona
1200 3362 1262 3411 nisii-

155 3451 202 3501 spe
224 3436 384 3499 producere:
411 3443 451 3486 est
468 3452 530 3501 ergo
549 3439 689 3489 manifesta
730 3440 845 3503 gurisse:
862 3439 936 3496 adeo,
954 3446 983 3490 ut
1003 3445 1144 3504 propterea
1161 3439 1260 3488 dicatur

154 3509 508 3574 sententiaEpigrammotis:
521 3513 688 3577 Rufnru‚quae
729 3516 786 3577 ejus
798 3530 864 3564 uxor
879 3521 971 3565 coacta
988 3513 1120 3564 silicernia
1136 3515 1163 3562 in
1178 3512 1260 3576 sepui-

155 3599 240 3648 nuper
251 3592 411 3648 postremum
422 3587 649 3639 mendiciruonium
662 3605 688 3640 a·
728 3590 825 3639 cirretis
838 3605 936 3640 vorare.
955 3592 998 3640 De
1007 3589 1128 3648 columna
1138 3589 1261 3637 Menisno

156 3666 208 3722 ret,
229 3665 258 3708 ut
279 3666 341 3723 pote
363 3674 423 3723 quae
445 3676 460 3709 e
481 3664 564 3712 medin
586 3663 690 3714 flemma
729 3671 827 3714 notum.
840 3667 906 3716 ocu.

157 3735 244 3784 eibum
265 3734 384 3798 petebat,
396 3749 464 3784 rruuo
475 3735 576 3788 delitias
594 3738 690 3803 facere,
762 3744 777 3789 3
795 3741 888 3804 Rupere
899 3743 928 3790 de
942 3756 1000 3803 rogo
1009 3740 1110 3803 mnus]
1127 3741 1161 3791 ln
1178 3741 1261 3804 sepul·

156 3823 187 3858 ιο
199 3808 312 3872 superbo
329 3817 386 3859 astu
402 3810 511 3859 amantis
529 3811 618 3862 Rufuii
633 3829 705 3877 pre.
730 3814 825 3864 eirretis
837 3817 944 3865 ostrinos
955 3822 1041 3879 erant,
1051 3830 1109 3880 quae
1118 3814 1263 3880 sepuiohris

156 3899 201 3934 ees
222 3885 336 3936 eludere·
378 3886 462 3935 Miror
484 3892 536 3936 tam
557 3891 691 3951 pueriliter
730 3889 795 3952 ipsis
814 3889 1065 3953 applicabantur‚sd
1084 3905 1150 3954 quas
1169 3890 1261 3939 ostiosi

156 3975 245 4012 omues
255 3961 283 4010 in
293 3961 369 4026 hujus
383 3962 580 4025 epigrammatis
588 3979 691 4015 enarra·
731 3972 815 4015 eraut.
841 3966 930 4016 Groui
945 3966 1045 4030 εὔπρις
1054 3965 1262 4030 ronantinqoi·

157 4036 230 4086 tione
249 4036 344 4100 lapsos,
367 4044 397 4086 ut
414 4043 539 4100 putarent
558 4037 615 4088 lieo
634 4054 690 4089 esse
731 4041 1018 4106 busSiiioernium‚hoo
1026 4039 1262 4104 mesembrino·

158 4109 319 4160 nivernorum
334 4112 521 4175 po'n'matiornm
536 4111 691 4177 fragmento.
731 4130 765 4165 oa
774 4117 943 4180 coquebatur.
954 4118 1200 4182 Interproinsiones
1208 4117 1262 4165 vo-

160 4183 197 4232 At
213 4185 275 4249 quid
292 4187 389 4237 otarius
408 4188 462 4251 iiio,
473 4188 495 4238 si
507 4195 622 4240 voterem
639 4191 690 4242 ieo·
730 4194 865 4258 giiianes‚‘
878 4195 973 4261 Neque
983 4194 1011 4245 in
1021 4194 1262 4260 cuiinrsqetooom
