2774 4702
207 310 273 378 398
552 324 661 374 uoce
685 322 888 375 vsurouun
913 323 975 374 m·

205 468 290 532 optus
305 464 390 516 odida.
417 463 580 530 Apollonius,
594 464 735 529 ‘Pdpdproai
803 471 837 516 ru
860 465 973 516 Patrium
993 466 1112 531 adlocuta]
1145 464 1200 515 Pro
1222 471 1313 517 modo

205 541 385 605 mdp‘rosr
402 540 490 606 Φρύγιε
511 540 659 592 monas.
690 543 734 592 Sic
771 540 876 606 quidam
903 541 962 591 libri
992 542 1141 592 habueruut
1173 541 1310 602 animos,-

203 618 274 669 inira
298 619 307 647 ⁴
327 617 454 682 Didymi}
474 632 526 668 uou
552 617 705 682 ‘Dindymi
714 616 733 667 ι’
771 618 840 681 quod
861 617 924 666 nihil
944 617 1013 666 aliud
1035 623 1078 667 est
1104 631 1181 682 quam
1202 618 1309 680 priscus

202 693 401 759 *Bemmagua
420 695 488 758 Dea,
503 693 613 758 Cybele,
629 692 734 758 Didymi
770 706 825 742 uros
843 691 991 752 scribendi,
1009 692 1114 741 ,maistre
1132 706 1181 755 pro
1199 697 1313 754 modu,-

205 769 396 820 Daadomiua!
416 771 494 821 Idem.
730 782 735 807 1
770 774 800 818 ut
817 766 936 817 Aimiiius
955 781 1003 831 pro
1020 767 1148 816 AEmilius.
1174 767 1220 816 Sic
1237 765 1310 816 infra

235 849 252 895 9
270 845 510 909 Tuu,mater,isits'c]
527 845 587 895 Nou
596 844 638 895 hic
650 859 733 908 sacra,
769 843 778 871 ‘
786 841 888 893 uaiuia’
899 857 947 907 pro
961 842 1087 904 ‘narnia5’
1102 842 1172 892 unda
1182 841 1307 892 fecerant

204 920 251 970 sed
271 920 348 985 piane
370 920 524 983 crepundia.
557 918 685 983 Apuleius
704 921 733 969 iu
769 916 881 982 ‘janua’
907 918 983 968 Idem.

202 993 387 1060 Apuiogetico,
404 997 674 1061 ‘Etiamnacuiquam
685 995 733 1045 mi·
801 997 832 1042 dl
861 994 977 1043 Drmiam
1002 999 1029 1043 ut
1055 993 1172 1055 derisusgoe
1195 993 1306 1058 Famula]

202 1071 349 1120 rumridcri
357 1077 452 1136 potest,
460 1073 502 1123 cui
509 1071 734 1121 situilamemoria
769 1067 843 1118 Idem
861 1069 940 1119 etiarn
959 1070 1053 1119 extulit
1071 1069 1200 1118 Pindarus
1221 1071 1304 1133 Pyth.

202 1145 344 1209 religionis,
370 1147 498 1196 hominem
534 1153 575 1196 tot
604 1146 732 1209 mysteriis
768 1158 808 1194 rr.
824 1143 1074 1209 ‘Opdpxospisspdr
1088 1141 1212 1208 dmpdnruo
1222 1143 1304 1208 βραχὺ

201 1222 289 1271 Deum
309 1224 448 1285 conscium,
463 1223 582 1289 quedam
600 1239 731 1274 sacromm
768 1218 854 1284 phoca
870 1220 927 1282 ἔχει.
951 1219 984 1270 εὖ
994 1239 1029 1270 νιν
1039 1220 1135 1284 ἔγνωκε·
1152 1218 1260 1285 θεράπων
1276 1219 1303 1272 di

200 1298 346 1361 crepundia
372 1298 441 1348 domi
469 1298 635 1348 adservarei'
663 1299 731 1349 Nam
768 1294 1061 1361 adcitpdcroadratot.
1078 1298 1154 1347 Idem.

201 1372 275 1435 tuba,
292 1380 321 1422 et
337 1381 489 1438 tympanum
506 1381 567 1424 suut
586 1374 730 1438 crepundia
800 1377 832 1422 ⁶8
855 1374 889 1422 Ut
905 1376 968 1437 opud
986 1376 1063 1423 sinam
1080 1378 1105 1422 ct
1117 1371 1243 1435 scrcrum]
1269 1371 1303 1422 Ti

200 1447 321 1511 Cybeles,
331 1463 409 1513 quum
426 1448 510 1498 adhuc
520 1450 546 1498 iu
563 1449 635 1498 cunis
650 1456 729 1512 esset,
766 1453 845 1504 mm
860 1460 1035 1504 commentum
1052 1457 1092 1501 ost
1105 1455 1301 1501 correctorum:

199 1529 230 1573 ¹¹²
240 1524 335 1574 Bweffi
346 1529 417 1576 ’ὄνθ’
427 1525 466 1575 καὶ
481 1525 575 1590 ῥόμβοι,
585 1525 625 1575 8⁸²
634 1524 730 1586 *ἅνω
766 1537 857 1581 noster
871 1531 938 1582 liber
954 1531 1053 1596 liquido
1070 1528 1158 1589 habet,
1179 1528 1213 1576 Ut
1229 1529 1304 1593 opud,

198 1600 728 1666 mumrvomoaiynaorepundmioirioz
766 1606 846 1668 miror,
856 1607 975 1670 sermm,
988 1605 1056 1670 quod
1076 1603 1227 1653 retinemus.
1258 1603 1303 1652 ln.

199 1681 228 1724 et
238 1677 366 1728 Pindarus
375 1679 400 1728 iu
414 1678 640 1743 Hyporchcmasin
651 1684 729 1727 vocat
767 1680 904 1744 tarjectum
925 1680 989 1731 iliud
1008 1680 1079 1730 miser
1100 1681 1306 1740 σχετλιαστικοῖς,

196 1751 328 1816 κπαρχόι·
344 1750 729 1818 loipiurmapxci,pdrsp,rdpu
767 1762 797 1805 ut
815 1754 902 1817 critas,
921 1763 949 1806 et
963 1753 1068 1819 viduor,
1084 1755 1156 1819 apud
1175 1755 1302 1818 Tragicos

197 1827 308 1890 ddcpditor
317 1829 398 1892 pindos
406 1829 541 1893 κνμθάλυν,
550 1831 592 1880 'Er
599 1829 624 1879 δὲ
634 1828 728 1892 roffi·
766 1829 883 1882 Graecos.
898 1831 975 1880 Idem.

197 1905 567 1968 durpdrmmdioopdmodoit
575 1907 618 1954 dri
624 1907 729 1967 ξανθαῖσι
798 1911 831 1957 dd
843 1908 878 1956 Et
887 1905 1067 1969 corumomas'u]
1084 1903 1249 1967 Legeudum,
1263 1906 1299 1953 Et

196 1979 300 2030 ardeus.
334 1981 386 2030 Hic
402 1982 475 2031 locus
490 1981 559 2046 apud
574 1983 728 2032 Strabonem
763 1987 792 2032 ut
802 1981 1078 2031 omricmramodiram.
1097 1979 1220 2029 ltueninu
1230 1980 1298 2031 ratio

195 2053 263 2103 libro
274 2067 304 2104 x.
319 2062 440 2119 corrupte
450 2056 552 2120 legitur.
575 2058 650 2105 Idem.
765 2071 855 2106 versus
867 2058 990 2121 postulat.
1009 2058 1085 2107 [desa.

229 2135 261 2179 lu
290 2130 475 2194 nummoque
499 2133 590 2196 pelops]
633 2133 726 2184 Horat.
796 2135 829 2181 62
847 2129 1214 2196 Quodcaimgemjiguroecrt]
1232 2131 1299 2180 Ver-

195 2206 292 2256 ‘acuta
313 2206 392 2257 betti!
417 2208 540 2272 Propert'⁸
564 2209 661 2272 ‘Seps
676 2224 727 2272 ego
763 2220 805 2255 sus
822 2207 902 2257 etiam
918 2208 946 2257 in
963 2207 1139 2270 manuscripto
1155 2206 1299 2270 corruptis·

194 2283 279 2333 multa
296 2288 348 2332 tum
369 2282 483 2333 levitatis
501 2284 566 2334 dura
585 2284 726 2334 timebam!
762 2282 848 2332 simus.
882 2284 918 2333 Et
943 2290 1031 2332 tamen
1058 2295 1135 2331 nemo
1161 2282 1299 2342 hacteuus,

194 2357 249 2408 Alii
261 2365 346 2408 tarneu
358 2359 452 2409 Graeca
471 2357 609 2410 inflexione
625 2360 726 2423 legunt,
761 2358 830 2422 quod
842 2357 931 2419 sciam,
943 2372 975 2406 ne
985 2358 1020 2407 de
1031 2356 1125 2407 mendo
1136 2356 1241 2422 quidem
1251 2356 1299 2406 ad·

190 2434 288 2496 perage:
306 2440 336 2484 nt
351 2435 421 2499 apud
433 2435 583 2484 Lucretium
599 2435 724 2499 ‘pelage
761 2433 869 2482 monuit.
895 2432 1046 2498 Legendum
1061 2447 1134 2495 reru,
1151 2433 1297 2488 Quodcrrr‘rr

193 2523 244 2573 que
263 2508 373 2560 sonora!
402 2512 497 2560 Utrum
514 2511 604 2560 melina
625 2511 723 2563 nescio.
757 2523 833 2571 gersus
843 2509 936 2574 figura
955 2513 999 2568 est,
1017 2523 1060 2570 ego
1076 2523 1123 2557 ιιοιι
1141 2509 1203 2570 quod
1221 2507 1297 2558 Ιιιιὺιι-

192 2586 469 2649 utrumquesanemilri
480 2587 615 2649 probatur.
631 2589 707 2638 Idem.
758 2580 839 2634 crim?
854 2584 1005 2648 Sequentia,
1021 2582 1119 2632 utalia
1136 2581 1250 2642 taceam,
1267 2589 1297 2633 et

222 2664 258 2710 26
271 2662 382 2711 cruram
392 2660 517 2724 tripudiis]
544 2662 644 2712 Noster
655 2662 723 2712 liber
759 2657 937 2721 conjecturam
969 2664 1083 2709 nostram
1117 2659 1239 2723 probant,
1266 2666 1296 2709 et

190 2736 323 2787 redemere:
346 2736 415 2801 quod
434 2750 584 2799 germanam
602 2738 723 2788 Catullia-
758 2734 820 2799 quid
834 2735 897 2784 velit
908 2733 996 2798 po'e‘ta,
1008 2733 1156 2785 declarant.
1175 2734 1250 2785 Idem.
1299 2768 1302 2779 .

191 2818 335 2875 unmputc.
368 2812 411 2861 Sic
421 2812 550 2862 celebrem
559 2814 665 2875 pradum
675 2829 722 2878 pro
790 2815 822 2861 68
852 2813 905 2873 Ego
927 2811 1023 2875 mulier]
1057 2812 1100 2861 Ne
1119 2811 1163 2861 hic
1191 2826 1295 2877 quoqne

190 2889 271 2938 colori
297 2888 428 2938 dicebant.
472 2887 562 2939 Attius
584 2891 721 2954 AEgyotho,
757 2884 942 2947 ineptissimam
954 2881 1095 2936 lec'tiouem
1107 2885 1210 2936 odorati
1222 2897 1294 2941 sunt.

189 2961 721 3025 ‘Celebrigradugressumadcelerarisse
759 2961 845 3013 Quum
874 2961 1025 3025 deploraret
1045 2962 1217 3015 mutationem
1240 2962 1295 3013 for-

190 3036 318 3087 addecet.'
345 3038 421 3087 Idem.
658 3056 661 3060 ·
757 3041 828 3085 tuna
846 3050 911 3097 suaa,
925 3037 994 3086 inter
1010 3036 1071 3101 alia,
1086 3047 1294 3103 conquereretur

220 3116 253 3162 2⁷
265 3113 335 3162 Nouo
345 3114 442 3177 mulier]
463 3114 508 3164 Sic
519 3113 544 3164 in
555 3121 654 3178 nostro,
669 3130 720 3166 uon
756 3125 785 3160 ae
806 3111 939 3163 mulierem
960 3110 1049 3176 fuisse,
1070 3113 1123 3163 imo
1147 3128 1216 3165 urruc
1244 3122 1294 3180 esi,

189 3189 271 3246 actito,
283 3189 349 3239 utin
360 3188 466 3241 Aldino.
482 3190 558 3240 Idem.
756 3187 826 3251 quod
853 3194 1037 3252 conqueratur,
1063 3203 1091 3237 se
1119 3203 1187 3239 esse.
1228 3184 1297 3255 Sed,

219 3270 252 3315 38
264 3268 333 3335 Onus
338 3266 524 3329 indomitojugr']
536 3265 593 3316 idac
600 3264 720 3316 feceruut
756 3263 819 3326 qnia
832 3263 888 3326 jam
904 3263 1050 3314 certissime
1067 3270 1181 3327 constat,
1196 3265 1292 3329 depra-

187 3340 259 3391 docti
275 3340 325 3391 viri
337 3354 370 3389 ex
381 3341 465 3390 veteri
480 3340 674 3404 scripturujuor'.
697 3342 718 3391 C
756 3344 845 3390 ratum
856 3339 942 3389 locum
959 3352 1025 3402 esse,
1040 3353 1092 3388 uon
1109 3338 1216 3389 dubium
1227 3342 1292 3404 quin

189 3431 237 3480 pro
260 3417 296 3479 G,
316 3423 346 3466 ut
365 3429 435 3481 sape
451 3417 509 3480 jam
530 3415 674 3481 docuimus,
689 3423 719 3467 ut
755 3414 892 3477 legendum
915 3415 961 3477 sit,
991 3416 1043 3477 Ego
1063 3415 1147 3478 puber,
1169 3431 1213 3478 ego
1234 3418 1293 3473 ndu.

186 3504 274 3556 supra,
291 3490 430 3554 ‘juncier,’
446 3491 564 3541 ‘macis.'
592 3493 669 3545 Idem.
754 3491 849 3545 morra.
873 3490 941 3541 Vide
951 3490 1013 3556 quid
1024 3491 1052 3540 in
1061 3492 1167 3541 Festum
1184 3500 1292 3543 annota-

217 3571 250 3618 d⁷
261 3569 348 3618 Auimo
356 3573 472 3617 estuante
480 3569 572 3632 rursus]
583 3570 718 3633 Innostro,
754 3567 844 3617 vimus.
877 3567 919 3616 lbi
942 3567 1020 3630 euim,
1041 3566 1064 3616 si
1084 3564 1153 3616 bane
1173 3566 1292 3631 memini,

184 3657 262 3703 urum,
272 3655 322 3691 nou
333 3656 424 3691 rursus.
450 3644 515 3695 Quas
531 3650 592 3694 suut
606 3643 718 3707 uestigia
753 3642 918 3692 bunclocum
931 3641 1073 3704 attigimus.
1099 3641 1174 3691 Idem.

184 3718 277 3780 priscae
288 3717 424 3780 scriptura
436 3717 497 3767 olim
506 3719 624 3767 extantia
634 3717 660 3768 in
672 3733 717 3767 eu·
784 3722 816 3768 dd
834 3719 900 3770 Miri
916 3716 1000 3770 dorso
1023 3717 1116 3782 tepida]
1142 3716 1243 3781 Tepido
1258 3718 1294 3768 li·-

183 3791 293 3856 aurpiari
317 3792 463 3847 Gallicano.
497 3791 566 3842 Nam
585 3794 671 3861 prisca
689 3800 717 3842 et
753 3793 998 3859 mina,sreqnentia.
1031 3793 1074 3842 Sic
1090 3793 1183 3856 virgil.
1199 3800 1227 3843 ct
1244 3795 1290 3845 orii

183 3866 313 3917 Archaico
328 3882 402 3920 more
419 3868 545 3931 scriptum
562 3874 619 3917 arat
629 3881 717 3929 mrum,
753 3869 838 3934 poiitae
855 3870 910 3920 rias
928 3875 956 3919 et
973 3870 1052 3919 litora
1069 3866 1172 3918 fervere
1190 3870 1290 3932 populo

183 3956 342 4006 procursum.
364 3943 715 3999 Quamicctioneurvateres
752 3944 851 3996 dicunt.
871 3944 969 3997 Contra
979 3943 1148 3994 Persius‘ue
1159 3944 1288 4008 majorum

182 4017 272 4068 excusi
293 4019 418 4080 retinent,
444 4018 472 4067 in
492 4018 583 4083 quibus
602 4018 714 4080 legiturz
752 4012 802 4069 tibi
813 4018 884 4071 forta
901 4018 1003 4068 Limina
1014 4017 1183 4082 frigescant?
1199 4018 1225 4068 id
1237 4027 1290 4084 est,

183 4090 271 4144 Atticm
285 4097 417 4149 irritantur
432 4108 499 4150 ιιιιιιιι
515 4095 618 4146 reditum
628 4093 647 4144 i.
658 4108 683 4147 ιι.
693 4098 713 4144 d.
751 4107 784 4144 nc
791 4109 881 4158 parurn
890 4099 959 4145 teras
966 4100 1083 4145 veterum
1091 4093 1199 4158 scripta.
1206 4094 1286 4146 Idam.

183 4162 266 4221 lton.
783 4173 821 4226 70'
832 4168 897 4225 Nm
914 4167 1002 4226 amictu
1021 4169 1071 4224 loru
1089 4169 1176 4239 colam]
1211 4169 1287 4227 Nihil
