<?xml version="1.0" encoding="UTF-8"?>
<!DOCTYPE html PUBLIC "-//W3C//DTD XHTML 1.0 Transitional//EN"
    "http://www.w3.org/TR/xhtml1/DTD/xhtml1-transitional.dtd">
<html xmlns="http://www.w3.org/1999/xhtml" xml:lang="en" lang="en">
 <head>
  <title>
</title>
<meta http-equiv="Content-Type" content="text/html;charset=utf-8" />
  <meta name='ocr-system' content='tesseract 3.04.00' />
  <meta name='ocr-capabilities' content='ocr_page ocr_carea ocr_par ocr_line ocrx_word'/>
</head>
<body>
  <div class='ocr_page' id='page_1' title='image "./cvaleriicatulli00catugoog/cvaleriicatulli00catugoog_0172.png"; bbox 0 0 2774 4702; ppageno 0'>
   <div class='ocr_carea' id='block_1_1' title="bbox 561 339 823 389">
    <p class='ocr_par' dir='ltr' id='par_1_1' title="bbox 561 339 823 389">
     <span class='ocr_line' id='line_1_1' title="bbox 561 339 823 389; baseline 0.004 -1"><span class='ocrx_word' id='word_1_1' title='bbox 561 339 717 389; x_wconf 74' lang='lat' dir='ltr'>GARMEN</span> <span class='ocrx_word' id='word_1_2' title='bbox 742 340 823 389; x_wconf 79' lang='lat' dir='ltr'>hxl.</span> 
     </span>
    </p>
   </div>
   <div class='ocr_carea' id='block_1_2' title="bbox 355 481 1242 1779">
    <p class='ocr_par' dir='ltr' id='par_1_2' title="bbox 362 481 875 566">
     <span class='ocr_line' id='line_1_2' title="bbox 362 481 875 566; baseline 0.004 -21"><span class='ocrx_word' id='word_1_3' title='bbox 362 481 430 561; x_wconf 87' lang='lat' dir='ltr'>Qui</span> <span class='ocrx_word' id='word_1_4' title='bbox 445 483 536 566; x_wconf 86' lang='lat' dir='ltr'>rapis</span> <span class='ocrx_word' id='word_1_5' title='bbox 550 487 696 546; x_wconf 78' lang='lat' dir='ltr'><strong>teneram</strong></span> <span class='ocrx_word' id='word_1_6' title='bbox 710 482 752 546; x_wconf 85' lang='lat' dir='ltr'>ad</span> <span class='ocrx_word' id='word_1_7' title='bbox 769 485 875 547; x_wconf 86' lang='lat' dir='ltr'>virum</span> 
     </span>
    </p>

    <p class='ocr_par' dir='ltr' id='par_1_3' title="bbox 358 583 941 774">
     <span class='ocr_line' id='line_1_3' title="bbox 358 583 941 668; baseline -0.002 -20"><span class='ocrx_word' id='word_1_8' title='bbox 358 583 540 665; x_wconf 82' lang='lat' dir='ltr'>Virginem,</span> <span class='ocrx_word' id='word_1_9' title='bbox 556 603 577 648; x_wconf 93' lang='lat' dir='ltr'>o</span> <span class='ocrx_word' id='word_1_10' title='bbox 592 584 777 668; x_wconf 72' lang='lat' dir='ltr'>Hymenaee</span> <span class='ocrx_word' id='word_1_11' title='bbox 791 585 941 668; x_wconf 83' lang='lat' dir='ltr'>Hymen,</span> 
     </span>
     <span class='ocr_line' id='line_1_4' title="bbox 403 684 803 774; baseline 0.005 -26"><span class='ocrx_word' id='word_1_12' title='bbox 403 685 574 768; x_wconf 88' lang='lat' dir='ltr'>Hymeno</span> <span class='ocrx_word' id='word_1_13' title='bbox 590 684 775 768; x_wconf 77' lang='lat' dir='ltr'>Hymenaee</span> <span class='ocrx_word' id='word_1_14' title='bbox 787 706 803 774; x_wconf 80' lang='lat'>2¹</span> 
     </span>
    </p>

    <p class='ocr_par' dir='ltr' id='par_1_4' title="bbox 360 786 779 870">
     <span class='ocr_line' id='line_1_5' title="bbox 360 786 779 870; baseline 0 -20"><span class='ocrx_word' id='word_1_15' title='bbox 360 786 463 869; x_wconf 81' lang='lat' dir='ltr'>Cinge</span> <span class='ocrx_word' id='word_1_16' title='bbox 477 786 779 870; x_wconf 80' lang='lat' dir='ltr'>temperatioribus</span> 
     </span>
    </p>

    <p class='ocr_par' dir='ltr' id='par_1_5' title="bbox 361 888 768 952">
     <span class='ocr_line' id='line_1_6' title="bbox 361 888 768 952; baseline -0.005 -2"><span class='ocrx_word' id='word_1_17' title='bbox 361 888 593 951; x_wconf 85' lang='lat' dir='ltr'>Suaveoleutis</span> <span class='ocrx_word' id='word_1_18' title='bbox 608 888 768 952; x_wconf 82' lang='lat' dir='ltr'>amaraci.</span> 
     </span>
    </p>

    <p class='ocr_par' dir='ltr' id='par_1_6' title="bbox 358 988 883 1072">
     <span class='ocr_line' id='line_1_7' title="bbox 358 988 883 1072; baseline 0.004 -20"><span class='ocrx_word' id='word_1_19' title='bbox 358 988 564 1052; x_wconf 85' lang='lat' dir='ltr'>Flammeum</span> <span class='ocrx_word' id='word_1_20' title='bbox 579 1008 682 1072; x_wconf 85' lang='lat' dir='ltr'>cape:</span> <span class='ocrx_word' id='word_1_21' title='bbox 704 990 803 1055; x_wconf 84' lang='lat' dir='ltr'>laetus</span> <span class='ocrx_word' id='word_1_22' title='bbox 819 990 883 1055; x_wconf 88' lang='lat' dir='ltr'>huc</span> 
     </span>
    </p>

    <p class='ocr_par' dir='ltr' id='par_1_7' title="bbox 357 1089 820 1272">
     <span class='ocr_line' id='line_1_8' title="bbox 357 1089 787 1171; baseline 0 -17"><span class='ocrx_word' id='word_1_23' title='bbox 357 1090 437 1154; x_wconf 94' lang='lat' dir='ltr'>Huc</span> <span class='ocrx_word' id='word_1_24' title='bbox 452 1090 540 1166; x_wconf 90' lang='lat' dir='ltr'>veni,</span> <span class='ocrx_word' id='word_1_25' title='bbox 555 1089 655 1154; x_wconf 87' lang='lat' dir='ltr'>niveo</span> <span class='ocrx_word' id='word_1_26' title='bbox 670 1108 787 1171; x_wconf 78' lang='lat' dir='ltr'>gerens</span> 
     </span>
     <span class='ocr_line' id='line_1_9' title="bbox 404 1191 820 1272; baseline 0.007 -18"><span class='ocrx_word' id='word_1_27' title='bbox 404 1191 547 1254; x_wconf 82' lang='lat' dir='ltr'>Luteum</span> <span class='ocrx_word' id='word_1_28' title='bbox 561 1191 648 1272; x_wconf 87' lang='lat' dir='ltr'>pede</span> <span class='ocrx_word' id='word_1_29' title='bbox 662 1210 820 1258; x_wconf 86' lang='lat' dir='ltr'>soccum:</span> 
     </span>
    </p>

    <p class='ocr_par' dir='ltr' id='par_1_8' title="bbox 360 1290 756 1372">
     <span class='ocr_line' id='line_1_10' title="bbox 360 1290 756 1372; baseline -0.003 -17"><span class='ocrx_word' id='word_1_30' title='bbox 360 1293 565 1372; x_wconf 85' lang='lat' dir='ltr'>Excitusque</span> <span class='ocrx_word' id='word_1_31' title='bbox 578 1290 675 1354; x_wconf 85' lang='lat' dir='ltr'>hilari</span> <span class='ocrx_word' id='word_1_32' title='bbox 691 1291 756 1368; x_wconf 89' lang='lat' dir='ltr'>die,</span> 
     </span>
    </p>

    <p class='ocr_par' dir='ltr' id='par_1_9' title="bbox 359 1391 723 1475">
     <span class='ocr_line' id='line_1_11' title="bbox 359 1391 723 1475; baseline -0.003 -18"><span class='ocrx_word' id='word_1_33' title='bbox 359 1391 535 1475; x_wconf 85' lang='lat' dir='ltr'>Nuptialia</span> <span class='ocrx_word' id='word_1_34' title='bbox 545 1391 723 1456; x_wconf 82' lang='lat' dir='ltr'>concinens</span> 
     </span>
    </p>

    <p class='ocr_par' dir='ltr' id='par_1_10' title="bbox 359 1493 759 1571">
     <span class='ocr_line' id='line_1_12' title="bbox 359 1493 759 1571; baseline -0.003 -13"><span class='ocrx_word' id='word_1_35' title='bbox 359 1493 452 1558; x_wconf 88' lang='lat' dir='ltr'>Voce</span> <span class='ocrx_word' id='word_1_36' title='bbox 464 1493 610 1559; x_wconf 82' lang='lat' dir='ltr'>carmina</span> <span class='ocrx_word' id='word_1_37' title='bbox 625 1493 759 1571; x_wconf 74' lang='lat' dir='ltr'>donula,</span> 
     </span>
    </p>

    <p class='ocr_par' dir='ltr' id='par_1_11' title="bbox 355 1593 1242 1779">
     <span class='ocr_line' id='line_1_13' title="bbox 355 1593 886 1677; baseline 0.004 -19"><span class='ocrx_word' id='word_1_38' title='bbox 355 1593 452 1659; x_wconf 89' lang='lat' dir='ltr'>Pelle</span> <span class='ocrx_word' id='word_1_39' title='bbox 467 1594 600 1657; x_wconf 91' lang='lat' dir='ltr'>humum</span> <span class='ocrx_word' id='word_1_40' title='bbox 616 1594 770 1677; x_wconf 72' lang='lat' dir='ltr'>pedihus,</span> <span class='ocrx_word' id='word_1_41' title='bbox 786 1615 886 1661; x_wconf 84' lang='lat' dir='ltr'>manu</span> 
     </span>
     <span class='ocr_line' id='line_1_14' title="bbox 402 1694 1242 1779; baseline 0.007 -20"><span class='ocrx_word' id='word_1_42' title='bbox 402 1694 544 1760; x_wconf 78' lang='lat' dir='ltr'>Pineum</span> <span class='ocrx_word' id='word_1_43' title='bbox 559 1700 660 1779; x_wconf 83' lang='lat' dir='ltr'>quala</span> <span class='ocrx_word' id='word_1_44' title='bbox 674 1697 810 1762; x_wconf 81' lang='lat' dir='ltr'>taedam.</span> <span class='ocrx_word' id='word_1_45' title='bbox 1197 1699 1242 1765; x_wconf 79' lang='lat'>1⁵</span> 
     </span>
    </p>
   </div>
   <div class='ocr_carea' id='block_1_3' title="bbox 133 1854 1242 2070">
    <p class='ocr_par' dir='ltr' id='par_1_12' title="bbox 133 1854 1242 2070">
     <span class='ocr_line' id='line_1_15' title="bbox 139 1854 1242 1945; baseline 0.003 -19"><span class='ocrx_word' id='word_1_46' title='bbox 139 1878 181 1941; x_wconf 76' lang='lat' dir='ltr'>qui</span> <span class='ocrx_word' id='word_1_47' title='bbox 192 1877 289 1927; x_wconf 79' lang='lat' dir='ltr'>adducis</span> <span class='ocrx_word' id='word_1_48' title='bbox 306 1878 397 1926; x_wconf 78' lang='lat' dir='ltr'>mollem</span> <span class='ocrx_word' id='word_1_49' title='bbox 412 1879 513 1941; x_wconf 73' lang='lat' dir='ltr'>puellum</span> <span class='ocrx_word' id='word_1_50' title='bbox 524 1880 555 1926; x_wconf 84' lang='lat' dir='ltr'>nd</span> <span class='ocrx_word' id='word_1_51' title='bbox 565 1881 678 1928; x_wconf 82' lang='lat' dir='ltr'>moritum</span> <span class='ocrx_word' id='word_1_52' title='bbox 696 1895 779 1930; x_wconf 88' lang='lat' dir='ltr'>suum.</span> <span class='ocrx_word' id='word_1_53' title='bbox 814 1882 915 1931; x_wconf 78' lang='lat' dir='ltr'><strong><em>Redime</em></strong></span> <span class='ocrx_word' id='word_1_54' title='bbox 932 1887 1001 1944; x_wconf 81' lang='lat' dir='ltr'>copul</span> <span class='ocrx_word' id='word_1_55' title='bbox 1018 1880 1121 1945; x_wconf 76' lang='lat' dir='ltr'>floribus</span> <span class='ocrx_word' id='word_1_56' title='bbox 1137 1854 1242 1929; x_wconf 76' lang='lat' dir='ltr'>umurdca‘</span> 
     </span>
     <span class='ocr_line' id='line_1_16' title="bbox 133 1942 1242 2006; baseline 0.005 -18"><span class='ocrx_word' id='word_1_57' title='bbox 133 1942 291 2004; x_wconf 67' lang='lat' dir='ltr'>flagrantis,-</span> <span class='ocrx_word' id='word_1_58' title='bbox 307 1956 370 1990; x_wconf 78' lang='lat' dir='ltr'>rums</span> <span class='ocrx_word' id='word_1_59' title='bbox 386 1943 463 1992; x_wconf 80' lang='lat' dir='ltr'>celum</span> <span class='ocrx_word' id='word_1_60' title='bbox 482 1944 597 2005; x_wconf 79' lang='lat' dir='ltr'>nuptiale.</span> <span class='ocrx_word' id='word_1_61' title='bbox 631 1944 687 1993; x_wconf 79' lang='lat' dir='ltr'>Has</span> <span class='ocrx_word' id='word_1_62' title='bbox 708 1945 786 1994; x_wconf 76' lang='lat' dir='ltr'>alacer</span> <span class='ocrx_word' id='word_1_63' title='bbox 807 1949 900 2004; x_wconf 83' lang='lat' dir='ltr'>accede,</span> <span class='ocrx_word' id='word_1_64' title='bbox 915 1946 999 2004; x_wconf 83' lang='lat' dir='ltr'>serem</span> <span class='ocrx_word' id='word_1_65' title='bbox 1019 1947 1126 1995; x_wconf 79' lang='lat' dir='ltr'>candidis</span> <span class='ocrx_word' id='word_1_66' title='bbox 1146 1946 1242 2006; x_wconf 79' lang='lat' dir='ltr'>pedihus</span> 
     </span>
     <span class='ocr_line' id='line_1_17' title="bbox 138 2007 1241 2070; baseline 0.001 -15"><span class='ocrx_word' id='word_1_67' title='bbox 138 2008 296 2056; x_wconf 79' lang='lat' dir='ltr'>calceamento</span> <span class='ocrx_word' id='word_1_68' title='bbox 314 2020 402 2054; x_wconf 75' lang='lat' dir='ltr'>mocon.</span> <span class='ocrx_word' id='word_1_69' title='bbox 436 2007 472 2056; x_wconf 72' lang='lat' dir='ltr'>at</span> <span class='ocrx_word' id='word_1_70' title='bbox 490 2012 598 2068; x_wconf 60' lang='lat' dir='ltr'>macutus</span> <span class='ocrx_word' id='word_1_71' title='bbox 613 2009 653 2057; x_wconf 79' lang='lat' dir='ltr'>die</span> <span class='ocrx_word' id='word_1_72' title='bbox 671 2009 725 2058; x_wconf 75' lang='lat' dir='ltr'>mm</span> <span class='ocrx_word' id='word_1_73' title='bbox 742 2025 826 2059; x_wconf 81' lang='lat' dir='ltr'>canem</span> <span class='ocrx_word' id='word_1_74' title='bbox 843 2016 912 2058; x_wconf 80' lang='lat' dir='ltr'>uculo</span> <span class='ocrx_word' id='word_1_75' title='bbox 928 2026 983 2058; x_wconf 81' lang='lat' dir='ltr'>sono</span> <span class='ocrx_word' id='word_1_76' title='bbox 1000 2025 1083 2060; x_wconf 77' lang='lat' dir='ltr'>versus</span> <span class='ocrx_word' id='word_1_77' title='bbox 1099 2010 1241 2070; x_wconf 66' lang='lat' dir='ltr'>corrjrrgnlm,</span> 
     </span>
    </p>
   </div>
   <div class='ocr_carea' id='block_1_4' title="bbox 136 2069 1242 2149">
    <p class='ocr_par' dir='ltr' id='par_1_13' title="bbox 136 2069 1242 2149">
     <span class='ocr_line' id='line_1_18' title="bbox 136 2069 1242 2149; baseline 0.005 -32"><span class='ocrx_word' id='word_1_78' title='bbox 136 2073 207 2133; x_wconf 74' lang='lat' dir='ltr'>pastu</span> <span class='ocrx_word' id='word_1_79' title='bbox 221 2070 319 2134; x_wconf 60' lang='grc' dir='ltr'>Μῶα</span> <span class='ocrx_word' id='word_1_80' title='bbox 336 2075 434 2119; x_wconf 80' lang='lat' dir='ltr'>terram.</span> <span class='ocrx_word' id='word_1_81' title='bbox 467 2069 579 2134; x_wconf 63' lang='grc' dir='ltr'>θρίιιωω</span> <span class='ocrx_word' id='word_1_82' title='bbox 597 2071 679 2132; x_wconf 75' lang='lat' dir='ltr'>jurem</span> <span class='ocrx_word' id='word_1_83' title='bbox 698 2075 785 2123; x_wconf 76' lang='lat' dir='ltr'>dextra</span> <span class='ocrx_word' id='word_1_84' title='bbox 804 2079 908 2123; x_wconf 81' lang='lat' dir='ltr'>cmcsts.</span> <span class='ocrx_word' id='word_1_85' title='bbox 943 2074 1038 2149; x_wconf 79' lang='lat' dir='ltr'>Quippa</span> <span class='ocrx_word' id='word_1_86' title='bbox 1054 2074 1123 2124; x_wconf 80' lang='lat' dir='ltr'>dulia</span> <span class='ocrx_word' id='word_1_87' title='bbox 1141 2074 1242 2135; x_wconf 74' lang='lat' dir='ltr'>hesiga·</span> 
     </span>
    </p>
   </div>
   <div class='ocr_carea' id='block_1_5' title="bbox 589 2194 777 2218">
    <p class='ocr_par' dir='ltr' id='par_1_14' title="bbox 589 2194 777 2218">
     <span class='ocr_line' id='line_1_19' title="bbox 589 2194 777 2218; baseline 0.016 -3"><span class='ocrx_word' id='word_1_88' title='bbox 589 2194 777 2218; x_wconf 65' lang='lat' dir='ltr'>&#39;mmmm</span> 
     </span>
    </p>
   </div>
   <div class='ocr_carea' id='block_1_6' title="bbox 138 2277 1243 2342">
    <p class='ocr_par' dir='ltr' id='par_1_15' title="bbox 138 2277 1243 2342">
     <span class='ocr_line' id='line_1_20' title="bbox 138 2277 1243 2342; baseline 0 -16"><span class='ocrx_word' id='word_1_89' title='bbox 138 2281 188 2326; x_wconf 92' lang='lat'>-1</span> <span class='ocrx_word' id='word_1_90' title='bbox 206 2277 328 2327; x_wconf 76' lang='lat' dir='ltr'>Heliconii</span> <span class='ocrx_word' id='word_1_91' title='bbox 338 2277 364 2326; x_wconf 89' lang='lat' dir='ltr'>lu</span> <span class='ocrx_word' id='word_1_92' title='bbox 384 2277 444 2328; x_wconf 86' lang='lat' dir='ltr'>edd.</span> <span class='ocrx_word' id='word_1_93' title='bbox 463 2283 529 2327; x_wconf 84' lang='lat' dir='ltr'>vett.</span> <span class='ocrx_word' id='word_1_94' title='bbox 550 2279 576 2327; x_wconf 88' lang='lat' dir='ltr'>in</span> <span class='ocrx_word' id='word_1_95' title='bbox 598 2278 672 2329; x_wconf 87' lang='lat' dir='ltr'>codd.</span> <span class='ocrx_word' id='word_1_96' title='bbox 685 2278 867 2330; x_wconf 61' lang='lat' dir='ltr'>Heliconem-⁵</span> <span class='ocrx_word' id='word_1_97' title='bbox 885 2281 916 2330; x_wconf 86' lang='lat' dir='ltr'>ln</span> <span class='ocrx_word' id='word_1_98' title='bbox 929 2281 997 2331; x_wconf 80' lang='lat' dir='ltr'>Scri.</span> <span class='ocrx_word' id='word_1_99' title='bbox 1009 2285 1032 2329; x_wconf 90' lang='lat'>1.</span> <span class='ocrx_word' id='word_1_100' title='bbox 1045 2280 1068 2328; x_wconf 92' lang='grc'>0</span> <span class='ocrx_word' id='word_1_101' title='bbox 1079 2277 1176 2342; x_wconf 74' lang='lat' dir='ltr'>Hymen</span> <span class='ocrx_word' id='word_1_102' title='bbox 1187 2277 1243 2342; x_wconf 77' lang='lat' dir='ltr'>Hy·-</span> 
     </span>
    </p>
   </div>
   <div class='ocr_carea' id='block_1_7' title="bbox 137 2341 1242 2535">
    <p class='ocr_par' dir='ltr' id='par_1_16' title="bbox 137 2341 1242 2535">
     <span class='ocr_line' id='line_1_21' title="bbox 138 2341 1242 2407; baseline -0.001 -17"><span class='ocrx_word' id='word_1_103' title='bbox 138 2341 330 2391; x_wconf 63' lang='lat' dir='ltr'>mesas-7111</span> <span class='ocrx_word' id='word_1_104' title='bbox 350 2341 411 2392; x_wconf 86' lang='lat' dir='ltr'>edd.</span> <span class='ocrx_word' id='word_1_105' title='bbox 432 2348 497 2392; x_wconf 86' lang='lat' dir='ltr'>vett.</span> <span class='ocrx_word' id='word_1_106' title='bbox 513 2342 589 2391; x_wconf 78' lang='lat' dir='ltr'>Sonos</span> <span class='ocrx_word' id='word_1_107' title='bbox 605 2345 699 2407; x_wconf 80' lang='lat' dir='ltr'>olentis,</span> <span class='ocrx_word' id='word_1_108' title='bbox 716 2343 817 2394; x_wconf 87' lang='lat' dir='ltr'>duobus</span> <span class='ocrx_word' id='word_1_109' title='bbox 837 2345 982 2394; x_wconf 67' lang='lat' dir='ltr'>verbio-8</span> <span class='ocrx_word' id='word_1_110' title='bbox 998 2346 1120 2394; x_wconf 75' lang='lat' dir='ltr'>Flammm</span> <span class='ocrx_word' id='word_1_111' title='bbox 1138 2343 1242 2391; x_wconf 87' lang='lat' dir='ltr'>Mur.-</span> 
     </span>
     <span class='ocr_line' id='line_1_22' title="bbox 139 2404 1241 2471; baseline 0.001 -17"><span class='ocrx_word' id='word_1_112' title='bbox 139 2405 221 2454; x_wconf 66' lang='lat'>1⁵11]</span> <span class='ocrx_word' id='word_1_113' title='bbox 240 2405 559 2456; x_wconf 82' lang='lat' dir='ltr'>Venet.au.15⁰⁰.hiur.</span> <span class='ocrx_word' id='word_1_114' title='bbox 576 2413 604 2454; x_wconf 86' lang='lat' dir='ltr'>et</span> <span class='ocrx_word' id='word_1_115' title='bbox 626 2408 683 2458; x_wconf 86' lang='lat' dir='ltr'>aliis</span> <span class='ocrx_word' id='word_1_116' title='bbox 703 2407 816 2471; x_wconf 72' lang='lat' dir='ltr'>Spiaem</span> <span class='ocrx_word' id='word_1_117' title='bbox 827 2423 859 2457; x_wconf 84' lang='lat' dir='ltr'>ex</span> <span class='ocrx_word' id='word_1_118' title='bbox 879 2404 979 2459; x_wconf 72' lang='lat' dir='ltr'>sme&#39;ud.</span> <span class='ocrx_word' id='word_1_119' title='bbox 999 2408 1092 2460; x_wconf 84' lang='lat' dir='ltr'>Parth.</span> <span class='ocrx_word' id='word_1_120' title='bbox 1115 2407 1241 2471; x_wconf 76' lang='lat' dir='ltr'>probante</span> 
     </span>
     <span class='ocr_line' id='line_1_23' title="bbox 137 2469 1242 2535; baseline 0.002 -17"><span class='ocrx_word' id='word_1_121' title='bbox 137 2469 228 2520; x_wconf 84' lang='lat' dir='ltr'>Berol.</span> <span class='ocrx_word' id='word_1_122' title='bbox 247 2470 282 2522; x_wconf 88' lang='lat' dir='ltr'>ad</span> <span class='ocrx_word' id='word_1_123' title='bbox 302 2469 381 2535; x_wconf 83' lang='lat' dir='ltr'>Apul.</span> <span class='ocrx_word' id='word_1_124' title='bbox 393 2470 439 2520; x_wconf 86' lang='lat' dir='ltr'>sed</span> <span class='ocrx_word' id='word_1_125' title='bbox 451 2471 512 2521; x_wconf 87' lang='lat' dir='ltr'>leot.</span> <span class='ocrx_word' id='word_1_126' title='bbox 524 2479 640 2520; x_wconf 85' lang='lat' dir='ltr'>nostram</span> <span class='ocrx_word' id='word_1_127' title='bbox 651 2478 781 2522; x_wconf 77' lang='lat' dir='ltr'>testantur</span> <span class='ocrx_word' id='word_1_128' title='bbox 801 2487 889 2523; x_wconf 85' lang='lat' dir='ltr'>omues</span> <span class='ocrx_word' id='word_1_129' title='bbox 907 2473 983 2522; x_wconf 82' lang='lat' dir='ltr'>codd.</span> <span class='ocrx_word' id='word_1_130' title='bbox 1001 2473 1070 2522; x_wconf 86' lang='lat' dir='ltr'>Stat.</span> <span class='ocrx_word' id='word_1_131' title='bbox 1087 2471 1156 2520; x_wconf 84' lang='lat' dir='ltr'>Scal.</span> <span class='ocrx_word' id='word_1_132' title='bbox 1166 2471 1242 2521; x_wconf 82' lang='lat' dir='ltr'>Voss.</span> 
     </span>
    </p>
   </div>
   <div class='ocr_carea' id='block_1_8' title="bbox 640 2623 748 2676">
    <p class='ocr_par' dir='ltr' id='par_1_17' title="bbox 640 2623 748 2676">
     <span class='ocr_line' id='line_1_24' title="bbox 640 2623 748 2676; baseline -0.009 0"><span class='ocrx_word' id='word_1_133' title='bbox 640 2623 748 2676; x_wconf 77' lang='lat' dir='ltr'>NOTAE</span> 
     </span>
    </p>
   </div>
   <div class='ocr_carea' id='block_1_9' title="bbox 135 2734 1243 4237">
    <p class='ocr_par' dir='ltr' id='par_1_18' title="bbox 135 2734 1243 4237">
     <span class='ocr_line' id='line_1_25' title="bbox 138 2734 1243 2800; baseline 0.001 -14"><span class='ocrx_word' id='word_1_134' title='bbox 138 2735 317 2798; x_wconf 79' lang='lat' dir='ltr'>aVirgiuibus</span> <span class='ocrx_word' id='word_1_135' title='bbox 329 2734 462 2784; x_wconf 85' lang='lat' dir='ltr'>decantari</span> <span class='ocrx_word' id='word_1_136' title='bbox 480 2735 592 2796; x_wconf 90' lang='lat' dir='ltr'>solitum,</span> <span class='ocrx_word' id='word_1_137' title='bbox 604 2749 672 2784; x_wconf 86' lang='lat' dir='ltr'>nova</span> <span class='ocrx_word' id='word_1_138' title='bbox 712 2736 832 2785; x_wconf 84' lang='lat' dir='ltr'>carminis</span> <span class='ocrx_word' id='word_1_139' title='bbox 844 2751 924 2798; x_wconf 79' lang='lat' dir='ltr'>genus</span> <span class='ocrx_word' id='word_1_140' title='bbox 935 2737 1065 2800; x_wconf 84' lang='lat' dir='ltr'>est,cujus</span> <span class='ocrx_word' id='word_1_141' title='bbox 1076 2735 1153 2785; x_wconf 88' lang='lat' dir='ltr'>etiam</span> <span class='ocrx_word' id='word_1_142' title='bbox 1166 2752 1243 2798; x_wconf 82' lang='lat' dir='ltr'>gene·</span> 
     </span>
     <span class='ocr_line' id='line_1_26' title="bbox 138 2802 1240 2875; baseline 0.002 -15"><span class='ocrx_word' id='word_1_143' title='bbox 138 2820 222 2875; x_wconf 85' lang='lat' dir='ltr'>nupta</span> <span class='ocrx_word' id='word_1_144' title='bbox 239 2810 272 2859; x_wconf 90' lang='lat' dir='ltr'>ad</span> <span class='ocrx_word' id='word_1_145' title='bbox 292 2811 426 2873; x_wconf 81' lang='lat' dir='ltr'>conjugem</span> <span class='ocrx_word' id='word_1_146' title='bbox 445 2809 567 2870; x_wconf 85' lang='lat' dir='ltr'>adducta,</span> <span class='ocrx_word' id='word_1_147' title='bbox 592 2817 619 2857; x_wconf 81' lang='lat' dir='ltr'>st</span> <span class='ocrx_word' id='word_1_148' title='bbox 644 2802 670 2858; x_wconf 85' lang='lat' dir='ltr'>in</span> <span class='ocrx_word' id='word_1_149' title='bbox 711 2807 745 2858; x_wconf 83' lang='lat' dir='ltr'>ris</span> <span class='ocrx_word' id='word_1_150' title='bbox 752 2811 808 2873; x_wconf 85' lang='lat' dir='ltr'>jam</span> <span class='ocrx_word' id='word_1_151' title='bbox 820 2826 898 2874; x_wconf 83' lang='lat' dir='ltr'>supra</span> <span class='ocrx_word' id='word_1_152' title='bbox 913 2812 990 2861; x_wconf 81' lang='lat' dir='ltr'>Odon</span> <span class='ocrx_word' id='word_1_153' title='bbox 1003 2811 1119 2860; x_wconf 79' lang='lat' dir='ltr'>vidimus.</span> <span class='ocrx_word' id='word_1_154' title='bbox 1153 2813 1240 2863; x_wconf 86' lang='lat' dir='ltr'>Carm.</span> 
     </span>
     <span class='ocr_line' id='line_1_27' title="bbox 138 2885 1235 2952; baseline -0.003 -17"><span class='ocrx_word' id='word_1_155' title='bbox 138 2887 253 2935; x_wconf 80' lang='lat' dir='ltr'>thalamo</span> <span class='ocrx_word' id='word_1_156' title='bbox 265 2885 409 2944; x_wconf 80' lang='lat' dir='ltr'>collocata3</span> <span class='ocrx_word' id='word_1_157' title='bbox 433 2885 502 2934; x_wconf 86' lang='lat' dir='ltr'>uude</span> <span class='ocrx_word' id='word_1_158' title='bbox 512 2890 624 2933; x_wconf 86' lang='lat' dir='ltr'>tractum</span> <span class='ocrx_word' id='word_1_159' title='bbox 636 2885 670 2932; x_wconf 81' lang='grc' dir='ltr'>Ε·</span> <span class='ocrx_word' id='word_1_160' title='bbox 712 2901 811 2938; x_wconf 64' lang='grc' dir='ltr'>κων,</span> <span class='ocrx_word' id='word_1_161' title='bbox 1232 2944 1235 2952; x_wconf 90' lang='lat'>.</span> 
     </span>
     <span class='ocr_line' id='line_1_28' title="bbox 135 2959 1242 3030; baseline 0.005 -22"><span class='ocrx_word' id='word_1_162' title='bbox 135 2961 273 3025; x_wconf 78' lang='lat' dir='ltr'>pithulumii</span> <span class='ocrx_word' id='word_1_163' title='bbox 284 2972 394 3008; x_wconf 83' lang='lat' dir='ltr'>nomen:</span> <span class='ocrx_word' id='word_1_164' title='bbox 418 2960 478 3007; x_wconf 88' lang='lat' dir='ltr'>hinc</span> <span class='ocrx_word' id='word_1_165' title='bbox 495 2959 609 3008; x_wconf 89' lang='lat' dir='ltr'>nonnulli</span> <span class='ocrx_word' id='word_1_166' title='bbox 620 2974 671 3009; x_wconf 90' lang='lat' dir='ltr'>ma·</span> <span class='ocrx_word' id='word_1_167' title='bbox 743 2967 759 3012; x_wconf 82' lang='grc'>4</span> <span class='ocrx_word' id='word_1_168' title='bbox 771 2964 794 3011; x_wconf 92' lang='grc'><strong>0</strong></span> <span class='ocrx_word' id='word_1_169' title='bbox 805 2965 935 3028; x_wconf 66' lang='lat' dir='ltr'>Hymenaee</span> <span class='ocrx_word' id='word_1_170' title='bbox 945 2964 1051 3028; x_wconf 68' lang='lat' dir='ltr'>Hymen]</span> <span class='ocrx_word' id='word_1_171' title='bbox 1063 2963 1166 3028; x_wconf 86' lang='lat' dir='ltr'>Hymen</span> <span class='ocrx_word' id='word_1_172' title='bbox 1177 2980 1242 3030; x_wconf 90' lang='lat' dir='ltr'>nup·</span> 
     </span>
     <span class='ocr_line' id='line_1_29' title="bbox 137 3035 1243 3104; baseline 0.003 -17"><span class='ocrx_word' id='word_1_173' title='bbox 137 3039 198 3088; x_wconf 87' lang='lat' dir='ltr'>lunt</span> <span class='ocrx_word' id='word_1_174' title='bbox 211 3038 260 3086; x_wconf 91' lang='lat' dir='ltr'>hoc</span> <span class='ocrx_word' id='word_1_175' title='bbox 280 3037 376 3086; x_wconf 89' lang='lat' dir='ltr'>Catulli</span> <span class='ocrx_word' id='word_1_176' title='bbox 387 3036 485 3084; x_wconf 72' lang='lat' dir='ltr'>Polima</span> <span class='ocrx_word' id='word_1_177' title='bbox 503 3035 671 3098; x_wconf 77' lang='lat' dir='ltr'>Hymnaenm,</span> <span class='ocrx_word' id='word_1_178' title='bbox 711 3038 803 3088; x_wconf 79' lang='lat' dir='ltr'>tiorum</span> <span class='ocrx_word' id='word_1_179' title='bbox 815 3039 929 3102; x_wconf 71' lang='lat' dir='ltr'>Proser,</span> <span class='ocrx_word' id='word_1_180' title='bbox 947 3041 990 3104; x_wconf 88' lang='lat' dir='ltr'>qui</span> <span class='ocrx_word' id='word_1_181' title='bbox 1008 3040 1056 3090; x_wconf 89' lang='lat' dir='ltr'>hoc</span> <span class='ocrx_word' id='word_1_182' title='bbox 1073 3041 1130 3089; x_wconf 83' lang='lat' dir='ltr'>loco</span> <span class='ocrx_word' id='word_1_183' title='bbox 1145 3042 1243 3091; x_wconf 86' lang='lat' dir='ltr'>dicitur</span> 
     </span>
     <span class='ocr_line' id='line_1_30' title="bbox 137 3110 1242 3178; baseline 0.002 -15"><span class='ocrx_word' id='word_1_184' title='bbox 137 3112 237 3163; x_wconf 82' lang='lat' dir='ltr'>Ticidae</span> <span class='ocrx_word' id='word_1_185' title='bbox 266 3111 357 3161; x_wconf 77' lang='lat' dir='ltr'>Politoe</span> <span class='ocrx_word' id='word_1_186' title='bbox 386 3110 514 3175; x_wconf 83' lang='lat' dir='ltr'>exemplo,</span> <span class='ocrx_word' id='word_1_187' title='bbox 535 3111 670 3174; x_wconf 82' lang='lat' dir='ltr'>appellari,</span> <span class='ocrx_word' id='word_1_188' title='bbox 710 3115 816 3164; x_wconf 81' lang='lat' dir='ltr'>Urauim</span> <span class='ocrx_word' id='word_1_189' title='bbox 836 3117 919 3164; x_wconf 79' lang='lat' dir='ltr'>Musas</span> <span class='ocrx_word' id='word_1_190' title='bbox 937 3114 1057 3178; x_wconf 84' lang='lat' dir='ltr'>lilius,ab</span> <span class='ocrx_word' id='word_1_191' title='bbox 1078 3116 1134 3164; x_wconf 89' lang='lat' dir='ltr'>aliis</span> <span class='ocrx_word' id='word_1_192' title='bbox 1154 3115 1242 3165; x_wconf 83' lang='lat' dir='ltr'>Liberi</span> 
     </span>
     <span class='ocr_line' id='line_1_31' title="bbox 138 3183 1241 3253; baseline 0.004 -17"><span class='ocrx_word' id='word_1_193' title='bbox 138 3203 217 3253; x_wconf 86' lang='lat' dir='ltr'>quam</span> <span class='ocrx_word' id='word_1_194' title='bbox 231 3185 440 3249; x_wconf 78' lang='lat' dir='ltr'>Epithalamium.</span> <span class='ocrx_word' id='word_1_195' title='bbox 472 3183 552 3248; x_wconf 78' lang='lat' dir='ltr'>Apud</span> <span class='ocrx_word' id='word_1_196' title='bbox 561 3185 670 3236; x_wconf 80' lang='lat' dir='ltr'>Graecos</span> <span class='ocrx_word' id='word_1_197' title='bbox 712 3191 796 3252; x_wconf 82' lang='lat' dir='ltr'>patris</span> <span class='ocrx_word' id='word_1_198' title='bbox 818 3198 846 3240; x_wconf 86' lang='lat' dir='ltr'>et</span> <span class='ocrx_word' id='word_1_199' title='bbox 865 3191 975 3240; x_wconf 88' lang='lat' dir='ltr'>Veneris</span> <span class='ocrx_word' id='word_1_200' title='bbox 995 3190 1062 3239; x_wconf 86' lang='lat' dir='ltr'>filius</span> <span class='ocrx_word' id='word_1_201' title='bbox 1082 3191 1165 3240; x_wconf 84' lang='lat' dir='ltr'>dictus</span> <span class='ocrx_word' id='word_1_202' title='bbox 1183 3199 1241 3252; x_wconf 78' lang='lat' dir='ltr'>est3</span> 
     </span>
     <span class='ocr_line' id='line_1_32' title="bbox 138 3257 1242 3329; baseline 0.001 -16"><span class='ocrx_word' id='word_1_203' title='bbox 138 3266 235 3329; x_wconf 80' lang='lat' dir='ltr'>primun</span> <span class='ocrx_word' id='word_1_204' title='bbox 251 3260 565 3325; x_wconf 83' lang='lat' dir='ltr'>scripsitEpithalamlum</span> <span class='ocrx_word' id='word_1_205' title='bbox 577 3257 672 3323; x_wconf 75' lang='lat' dir='ltr'>Apollo</span> <span class='ocrx_word' id='word_1_206' title='bbox 712 3264 820 3314; x_wconf 87' lang='lat' dir='ltr'>tradunt</span> <span class='ocrx_word' id='word_1_207' title='bbox 840 3264 884 3313; x_wconf 84' lang='lat' dir='ltr'>ulii</span> <span class='ocrx_word' id='word_1_208' title='bbox 902 3265 983 3314; x_wconf 89' lang='lat' dir='ltr'>virum</span> <span class='ocrx_word' id='word_1_209' title='bbox 1003 3263 1098 3313; x_wconf 84' lang='lat' dir='ltr'>fortem</span> <span class='ocrx_word' id='word_1_210' title='bbox 1114 3264 1194 3312; x_wconf 83' lang='lat' dir='ltr'>fuisse</span> <span class='ocrx_word' id='word_1_211' title='bbox 1206 3265 1242 3314; x_wconf 84' lang='lat' dir='ltr'>A·</span> 
     </span>
     <span class='ocr_line' id='line_1_33' title="bbox 136 3335 1243 3404; baseline -0.002 -15"><span class='ocrx_word' id='word_1_212' title='bbox 136 3340 276 3403; x_wconf 88' lang='lat' dir='ltr'>innuptiis</span> <span class='ocrx_word' id='word_1_213' title='bbox 288 3337 407 3389; x_wconf 84' lang='lat' dir='ltr'>Thetidis</span> <span class='ocrx_word' id='word_1_214' title='bbox 425 3343 454 3386; x_wconf 84' lang='lat' dir='ltr'>et</span> <span class='ocrx_word' id='word_1_215' title='bbox 470 3336 553 3385; x_wconf 85' lang='lat' dir='ltr'>Pelei.</span> <span class='ocrx_word' id='word_1_216' title='bbox 592 3335 672 3398; x_wconf 84' lang='lat' dir='ltr'>Apud</span> <span class='ocrx_word' id='word_1_217' title='bbox 712 3340 797 3389; x_wconf 88' lang='lat' dir='ltr'>thenis</span> <span class='ocrx_word' id='word_1_218' title='bbox 808 3347 906 3402; x_wconf 90' lang='lat' dir='ltr'>natum,</span> <span class='ocrx_word' id='word_1_219' title='bbox 917 3340 960 3404; x_wconf 89' lang='lat' dir='ltr'>qui</span> <span class='ocrx_word' id='word_1_220' title='bbox 978 3345 1064 3400; x_wconf 85' lang='lat' dir='ltr'>raptas</span> <span class='ocrx_word' id='word_1_221' title='bbox 1082 3352 1097 3386; x_wconf 86' lang='lat' dir='ltr'>a</span> <span class='ocrx_word' id='word_1_222' title='bbox 1115 3337 1243 3401; x_wconf 78' lang='lat' dir='ltr'>praedoni-</span> 
     </span>
     <span class='ocr_line' id='line_1_34' title="bbox 138 3410 1242 3478; baseline -0.002 -12"><span class='ocrx_word' id='word_1_223' title='bbox 138 3416 247 3466; x_wconf 71' lang='lat' dir='ltr'>Intinos</span> <span class='ocrx_word' id='word_1_224' title='bbox 263 3412 429 3478; x_wconf 85' lang='lat' dir='ltr'>Epithalamii</span> <span class='ocrx_word' id='word_1_225' title='bbox 455 3410 553 3474; x_wconf 84' lang='lat' dir='ltr'>primm</span> <span class='ocrx_word' id='word_1_226' title='bbox 574 3418 673 3472; x_wconf 88' lang='lat' dir='ltr'>auctor,</span> <span class='ocrx_word' id='word_1_227' title='bbox 713 3416 761 3465; x_wconf 86' lang='lat' dir='ltr'>bus</span> <span class='ocrx_word' id='word_1_228' title='bbox 771 3415 885 3478; x_wconf 80' lang='lat' dir='ltr'>virgines</span> <span class='ocrx_word' id='word_1_229' title='bbox 905 3415 1037 3477; x_wconf 81' lang='lat' dir='ltr'>oppressis</span> <span class='ocrx_word' id='word_1_230' title='bbox 1053 3412 1193 3461; x_wconf 83' lang='lat' dir='ltr'>latronibus</span> <span class='ocrx_word' id='word_1_231' title='bbox 1205 3413 1242 3465; x_wconf 86' lang='lat' dir='ltr'>in·</span> 
     </span>
     <span class='ocr_line' id='line_1_35' title="bbox 138 3485 1243 3555; baseline -0.002 -14"><span class='ocrx_word' id='word_1_232' title='bbox 138 3491 216 3555; x_wconf 79' lang='lat' dir='ltr'>cujus</span> <span class='ocrx_word' id='word_1_233' title='bbox 233 3489 357 3539; x_wconf 83' lang='lat' dir='ltr'>memoria</span> <span class='ocrx_word' id='word_1_234' title='bbox 375 3486 457 3537; x_wconf 89' lang='lat' dir='ltr'>literis</span> <span class='ocrx_word' id='word_1_235' title='bbox 477 3486 604 3548; x_wconf 87' lang='lat' dir='ltr'>tradatur,</span> <span class='ocrx_word' id='word_1_236' title='bbox 623 3485 672 3534; x_wconf 89' lang='lat' dir='ltr'>Ca·</span> <span class='ocrx_word' id='word_1_237' title='bbox 714 3496 797 3538; x_wconf 85' lang='lat' dir='ltr'>tactas</span> <span class='ocrx_word' id='word_1_238' title='bbox 809 3489 901 3553; x_wconf 75' lang='lat' dir='ltr'>patrias</span> <span class='ocrx_word' id='word_1_239' title='bbox 922 3488 1083 3537; x_wconf 86' lang='lat' dir='ltr'>restituerit:</span> <span class='ocrx_word' id='word_1_240' title='bbox 1106 3488 1166 3538; x_wconf 91' lang='lat' dir='ltr'>hinc</span> <span class='ocrx_word' id='word_1_241' title='bbox 1188 3487 1243 3540; x_wconf 85' lang='lat' dir='ltr'>fac·</span> 
     </span>
     <span class='ocr_line' id='line_1_36' title="bbox 138 3561 1243 3629; baseline -0.002 -13"><span class='ocrx_word' id='word_1_242' title='bbox 138 3566 218 3616; x_wconf 79' lang='lat' dir='ltr'>tullus</span> <span class='ocrx_word' id='word_1_243' title='bbox 237 3571 327 3614; x_wconf 86' lang='lat' dir='ltr'>noster</span> <span class='ocrx_word' id='word_1_244' title='bbox 343 3568 508 3612; x_wconf 81' lang='lat' dir='ltr'>memoratur.</span> <span class='ocrx_word' id='word_1_245' title='bbox 549 3561 673 3610; x_wconf 85' lang='lat' dir='ltr'>Theocri-</span> <span class='ocrx_word' id='word_1_246' title='bbox 713 3572 778 3627; x_wconf 87' lang='lat' dir='ltr'>tum,</span> <span class='ocrx_word' id='word_1_247' title='bbox 791 3564 892 3615; x_wconf 90' lang='lat' dir='ltr'>utboni</span> <span class='ocrx_word' id='word_1_248' title='bbox 904 3563 995 3613; x_wconf 87' lang='lat' dir='ltr'>ominis</span> <span class='ocrx_word' id='word_1_249' title='bbox 1007 3579 1085 3614; x_wconf 84' lang='lat' dir='ltr'>causa</span> <span class='ocrx_word' id='word_1_250' title='bbox 1102 3565 1127 3613; x_wconf 91' lang='lat' dir='ltr'>iu</span> <span class='ocrx_word' id='word_1_251' title='bbox 1147 3566 1243 3629; x_wconf 87' lang='lat' dir='ltr'>nuptiis</span> 
     </span>
     <span class='ocr_line' id='line_1_37' title="bbox 138 3636 1242 3704; baseline -0.006 -13"><span class='ocrx_word' id='word_1_252' title='bbox 138 3648 182 3692; x_wconf 76' lang='lat' dir='ltr'>tus</span> <span class='ocrx_word' id='word_1_253' title='bbox 193 3641 263 3691; x_wconf 82' lang='lat' dir='ltr'>inter</span> <span class='ocrx_word' id='word_1_254' title='bbox 280 3638 523 3701; x_wconf 76' lang='lat' dir='ltr'>Graecosldyllium</span> <span class='ocrx_word' id='word_1_255' title='bbox 542 3636 673 3686; x_wconf 83' lang='lat' dir='ltr'>decimum</span> <span class='ocrx_word' id='word_1_256' title='bbox 714 3655 806 3691; x_wconf 81' lang='lat' dir='ltr'>nomen</span> <span class='ocrx_word' id='word_1_257' title='bbox 832 3640 984 3691; x_wconf 78' lang='lat' dir='ltr'>invocetur:</span> <span class='ocrx_word' id='word_1_258' title='bbox 1012 3655 1029 3689; x_wconf 80' lang='lat' dir='ltr'>a</span> <span class='ocrx_word' id='word_1_259' title='bbox 1052 3641 1173 3690; x_wconf 79' lang='lat' dir='ltr'>Romanis</span> <span class='ocrx_word' id='word_1_260' title='bbox 1194 3655 1242 3704; x_wconf 84' lang='lat' dir='ltr'>pro</span> 
     </span>
     <span class='ocr_line' id='line_1_38' title="bbox 137 3712 1243 3780; baseline -0.002 -14"><span class='ocrx_word' id='word_1_261' title='bbox 137 3723 261 3767; x_wconf 73' lang='lat' dir='ltr'>octavum</span> <span class='ocrx_word' id='word_1_262' title='bbox 271 3715 279 3743; x_wconf 89' lang='lat'><em>‘</em></span> <span class='ocrx_word' id='word_1_263' title='bbox 289 3715 490 3779; x_wconf 81' lang='lat' dir='ltr'>Epithalamium</span> <span class='ocrx_word' id='word_1_264' title='bbox 499 3712 623 3767; x_wconf 74' lang='lat' dir='ltr'>Helenae&#39;</span> <span class='ocrx_word' id='word_1_265' title='bbox 635 3713 673 3762; x_wconf 90' lang='lat' dir='ltr'>in·</span> <span class='ocrx_word' id='word_1_266' title='bbox 714 3716 885 3780; x_wconf 73' lang='lat' dir='ltr'>‘Hymenaeo&#39;</span> <span class='ocrx_word' id='word_1_267' title='bbox 909 3715 1081 3766; x_wconf 82' lang='lat' dir='ltr'>‘Thalassius’</span> <span class='ocrx_word' id='word_1_268' title='bbox 1097 3715 1243 3764; x_wconf 85' lang='lat' dir='ltr'>invocatur.</span> 
     </span>
     <span class='ocr_line' id='line_1_39' title="bbox 138 3789 1243 3857; baseline -0.01 -12"><span class='ocrx_word' id='word_1_269' title='bbox 138 3794 254 3857; x_wconf 79' lang='lat' dir='ltr'>scripsit,</span> <span class='ocrx_word' id='word_1_270' title='bbox 264 3792 442 3843; x_wconf 83' lang='lat' dir='ltr'>Stesichorum</span> <span class='ocrx_word' id='word_1_271' title='bbox 452 3791 588 3842; x_wconf 67' lang='lat' dir='ltr'>imitatus?</span> <span class='ocrx_word' id='word_1_272' title='bbox 744 3795 760 3840; x_wconf 82' lang='lat'>8</span> <span class='ocrx_word' id='word_1_273' title='bbox 778 3792 921 3842; x_wconf 77' lang='lat' dir='ltr'>Flammam</span> <span class='ocrx_word' id='word_1_274' title='bbox 932 3789 1000 3855; x_wconf 80' lang='lat' dir='ltr'>cape]</span> <span class='ocrx_word' id='word_1_275' title='bbox 1024 3790 1181 3839; x_wconf 87' lang='lat' dir='ltr'>Flammeum</span> <span class='ocrx_word' id='word_1_276' title='bbox 1198 3800 1243 3835; x_wconf 83' lang='lat' dir='ltr'>ve·</span> 
     </span>
     <span class='ocr_line' id='line_1_40' title="bbox 171 3865 1242 3929; baseline -0.007 -11"><span class='ocrx_word' id='word_1_277' title='bbox 171 3874 185 3919; x_wconf 91' lang='lat'>1</span> <span class='ocrx_word' id='word_1_278' title='bbox 206 3868 303 3918; x_wconf 81' lang='lat' dir='ltr'>Colliao</span> <span class='ocrx_word' id='word_1_279' title='bbox 315 3865 451 3929; x_wconf 72' lang='lat' dir='ltr'>flammei]</span> <span class='ocrx_word' id='word_1_280' title='bbox 468 3866 581 3916; x_wconf 90' lang='lat' dir='ltr'>Helicon</span> <span class='ocrx_word' id='word_1_281' title='bbox 594 3865 672 3914; x_wconf 87' lang='lat' dir='ltr'>Boeo·</span> <span class='ocrx_word' id='word_1_282' title='bbox 712 3867 765 3916; x_wconf 91' lang='lat' dir='ltr'>lum</span> <span class='ocrx_word' id='word_1_283' title='bbox 776 3873 833 3916; x_wconf 88' lang='lat' dir='ltr'>erat</span> <span class='ocrx_word' id='word_1_284' title='bbox 842 3868 906 3916; x_wconf 86' lang='lat' dir='ltr'>lutei</span> <span class='ocrx_word' id='word_1_285' title='bbox 918 3866 1019 3929; x_wconf 84' lang='lat' dir='ltr'>coloris,</span> <span class='ocrx_word' id='word_1_286' title='bbox 1028 3879 1079 3929; x_wconf 92' lang='lat' dir='ltr'>quo</span> <span class='ocrx_word' id='word_1_287' title='bbox 1092 3877 1166 3912; x_wconf 71' lang='lat' dir='ltr'>novas</span> <span class='ocrx_word' id='word_1_288' title='bbox 1178 3876 1242 3926; x_wconf 90' lang='lat' dir='ltr'>nup·</span> 
     </span>
     <span class='ocr_line' id='line_1_41' title="bbox 138 3940 996 4006; baseline -0.007 -12"><span class='ocrx_word' id='word_1_289' title='bbox 138 3944 194 4006; x_wconf 77' lang='lat' dir='ltr'>liar,</span> <span class='ocrx_word' id='word_1_290' title='bbox 204 3945 250 3993; x_wconf 86' lang='lat' dir='ltr'>alii</span> <span class='ocrx_word' id='word_1_291' title='bbox 258 3943 348 3993; x_wconf 86' lang='lat' dir='ltr'>volout</span> <span class='ocrx_word' id='word_1_292' title='bbox 359 3941 492 4005; x_wconf 82' lang='lat' dir='ltr'>Phocidis,</span> <span class='ocrx_word' id='word_1_293' title='bbox 502 3952 584 4003; x_wconf 87' lang='lat' dir='ltr'>mons,</span> <span class='ocrx_word' id='word_1_294' title='bbox 593 3941 673 4005; x_wconf 81' lang='lat' dir='ltr'>Apol·</span> <span class='ocrx_word' id='word_1_295' title='bbox 713 3948 749 3992; x_wconf 78' lang='lat' dir='ltr'>tas</span> <span class='ocrx_word' id='word_1_296' title='bbox 759 3940 839 3991; x_wconf 81' lang='lat' dir='ltr'>facies</span> <span class='ocrx_word' id='word_1_297' title='bbox 851 3942 996 4004; x_wconf 81' lang='lat' dir='ltr'>tegebatur.</span> 
     </span>
     <span class='ocr_line' id='line_1_42' title="bbox 136 4011 1243 4083; baseline -0.005 -14"><span class='ocrx_word' id='word_1_298' title='bbox 136 4017 184 4069; x_wconf 85' lang='lat' dir='ltr'>lini</span> <span class='ocrx_word' id='word_1_299' title='bbox 194 4033 269 4068; x_wconf 81' lang='lat' dir='ltr'>sacer</span> <span class='ocrx_word' id='word_1_300' title='bbox 279 4024 330 4081; x_wconf 82' lang='lat' dir='ltr'>cst,</span> <span class='ocrx_word' id='word_1_301' title='bbox 341 4016 534 4083; x_wconf 79' lang='lat' dir='ltr'>stildosis,quae</span> <span class='ocrx_word' id='word_1_302' title='bbox 545 4016 606 4066; x_wconf 89' lang='lat' dir='ltr'>hinc</span> <span class='ocrx_word' id='word_1_303' title='bbox 614 4016 669 4067; x_wconf 85' lang='lat' dir='ltr'>Ha·</span> <span class='ocrx_word' id='word_1_304' title='bbox 742 4021 772 4067; x_wconf 79' lang='lat'>1⁵</span> <span class='ocrx_word' id='word_1_305' title='bbox 789 4018 893 4067; x_wconf 75' lang='lat' dir='ltr'>Pineum</span> <span class='ocrx_word' id='word_1_306' title='bbox 906 4011 1039 4079; x_wconf 76' lang='lat' dir='ltr'>[spineam]</span> <span class='ocrx_word' id='word_1_307' title='bbox 1054 4017 1125 4075; x_wconf 76' lang='lat' dir='ltr'>quote</span> <span class='ocrx_word' id='word_1_308' title='bbox 1142 4013 1243 4078; x_wconf 82' lang='lat' dir='ltr'>loedom]</span> 
     </span>
     <span class='ocr_line' id='line_1_43' title="bbox 135 4089 1243 4157; baseline -0.006 -12"><span class='ocrx_word' id='word_1_309' title='bbox 135 4093 265 4145; x_wconf 83' lang='lat' dir='ltr'>hcouides</span> <span class='ocrx_word' id='word_1_310' title='bbox 283 4099 312 4144; x_wconf 87' lang='lat' dir='ltr'>st</span> <span class='ocrx_word' id='word_1_311' title='bbox 338 4092 525 4144; x_wconf 81' lang='lat' dir='ltr'>Heliconiadas</span> <span class='ocrx_word' id='word_1_312' title='bbox 543 4100 604 4143; x_wconf 85' lang='lat' dir='ltr'>suut</span> <span class='ocrx_word' id='word_1_313' title='bbox 625 4106 670 4156; x_wconf 86' lang='lat' dir='ltr'>sp·</span> <span class='ocrx_word' id='word_1_314' title='bbox 710 4093 818 4157; x_wconf 81' lang='lat' dir='ltr'>Nuptiis</span> <span class='ocrx_word' id='word_1_315' title='bbox 834 4092 906 4141; x_wconf 81' lang='lat' dir='ltr'>faces</span> <span class='ocrx_word' id='word_1_316' title='bbox 920 4089 1110 4140; x_wconf 84' lang='lat' dir='ltr'>adhibebantur</span> <span class='ocrx_word' id='word_1_317' title='bbox 1122 4089 1243 4140; x_wconf 82' lang='lat' dir='ltr'>exiisar·</span> 
     </span>
     <span class='ocr_line' id='line_1_44' title="bbox 136 4161 1243 4237; baseline -0.002 -19"><span class='ocrx_word' id='word_1_318' title='bbox 136 4168 251 4234; x_wconf 72' lang='lat' dir='ltr'>pellata.</span> <span class='ocrx_word' id='word_1_319' title='bbox 295 4167 459 4221; x_wconf 78' lang='lat' dir='ltr'>Pherecratii</span> <span class='ocrx_word' id='word_1_320' title='bbox 482 4181 528 4220; x_wconf 81' lang='lat' dir='ltr'>seu</span> <span class='ocrx_word' id='word_1_321' title='bbox 551 4168 671 4237; x_wconf 80' lang='lat' dir='ltr'>Glycouii</span> <span class='ocrx_word' id='word_1_322' title='bbox 710 4167 817 4221; x_wconf 86' lang='lat' dir='ltr'>boribus</span> <span class='ocrx_word' id='word_1_323' title='bbox 827 4181 884 4232; x_wconf 77' lang='lat' dir='ltr'>qua</span> <span class='ocrx_word' id='word_1_324' title='bbox 894 4165 1005 4216; x_wconf 83' lang='lat' dir='ltr'>resinam</span> <span class='ocrx_word' id='word_1_325' title='bbox 1014 4161 1111 4217; x_wconf 83' lang='lat' dir='ltr'>ferunt.</span> <span class='ocrx_word' id='word_1_326' title='bbox 1144 4164 1243 4216; x_wconf 76' lang='lat' dir='ltr'>Aliils-</span> 
     </span>
    </p>
   </div>
   <div class='ocr_carea' id='block_1_10' title="bbox 0 0 1393 4702">
    <p class='ocr_par' dir='ltr' id='par_1_19' title="bbox 0 0 1393 4702">
     <span class='ocr_line' id='line_1_45' title="bbox 0 0 1393 4702; baseline 0 0"><span class='ocrx_word' id='word_1_327' title='bbox 0 0 1393 4702; x_wconf 95' lang='lat' dir='ltr'> </span> 
     </span>
    </p>
   </div>
  </div>
 </body>
</html>
