2774 4702
512 322 620 373 uuum
643 318 843 374 rualenum
867 322 907 370 ru
1003 302 1005 310 '

485 582 689 650 cunnum
716 558 932 650 nxxvru.

195 769 372 829 ranopuroe
387 767 480 828 impuro
492 763 587 828 pueiioe]
604 764 689 826 Repo·
728 765 865 826 conjuncto.
909 760 1058 821 Petronius,
1086 760 1260 810 ‘Consumtis

78 867 81 872 ·
162 845 257 894 animus
268 858 300 892 ex
312 843 398 906 prisca
416 842 546 903 scriptura
554 855 621 902 paroe
629 855 690 902 puro
729 839 844 888 versibus
856 837 907 886 auia
922 836 1122 885 immundissimo
1134 850 1175 885 me
1187 837 1260 886 basio

160 921 261 984 partia:
286 918 364 983 quod,
383 917 474 982 iuquit,
495 930 589 979 spurca
608 916 690 963 saiiva
729 911 868 975 conspuit!
886 912 960 962 ldem.

161 996 315 1046 tuaobievit
332 1008 396 1057 pura
412 992 483 1041 saria
498 1006 569 1054 purae
586 992 688 1054 puellm.
761 993 777 1038 9
809 989 875 1036 Nom
890 993 914 1037 te
937 989 1015 1036 omnio
1037 989 1121 1036 amomo
1139 987 1257 1048 Noram]

162 1068 546 1135 Exprobratiiiioshircosum,
564 1074 594 1117 ut
611 1082 690 1131 appa·
731 1064 828 1113 Eodem
860 1065 936 1114 modo
963 1065 990 1113 iu
1016 1063 1259 1127 Hendecaayllabia,

163 1153 215 1208 ret,
225 1144 317 1202 asir-in
327 1142 568 1204 oroporoponuroiou.
585 1143 649 1193 Sooi.
731 1139 821 1191 ‘Quid
838 1139 892 1188 vis?
917 1139 1032 1203 qualibet
1049 1153 1106 1187 esse
1123 1145 1198 1187 notus
1213 1152 1259 1201 op·

195 1221 370 1284 8Coru’uuait]
385 1219 560 1282 ineptissime.
592 1220 691 1282 Legen-
732 1217 786 1267 tasi
804 1216 873 1265 Eris:
891 1214 1097 1280 quandoquidem
1108 1227 1178 1262 meos
1191 1229 1261 1263 amo-

163 1296 234 1357 dnm,
253 1296 391 1345 conminxit.
427 1295 508 1357 Infra,
533 1296 691 1360 ‘Tanquam
732 1306 773 1340 rea
784 1291 848 1340 Cum
859 1292 934 1355 ionga
952 1291 1056 1340 voluisti
1070 1304 1157 1339 amare
1168 1289 1262 1353 poena'

163 1371 314 1422 conminctae
330 1386 424 1433 spurca
434 1372 515 1420 saliva
525 1370 613 1435 lupae!
639 1370 691 1419 Ubi
732 1368 806 1416 idem.

162 1453 190 1496 et
202 1459 338 1510 perperam
350 1445 440 1495 eodem
452 1460 539 1495 errore
548 1445 691 1509 tegebatur,

507 1713 711 1780 CARMEN
734 1711 916 1779 LXXIX.

194 1909 208 1952 1
226 1904 335 1967 mausus]
350 1908 382 1952 In
394 1914 491 1966 nostro,
504 1909 607 1953 colim:
626 1919 688 1953 nou·
733 1905 809 1953 Idem.

163 1978 242 2029 uuliae
254 1979 380 2028 editiones
393 1979 503 2036 Gallim,-
518 1987 609 2028 recte:
626 1980 693 2028 hane
765 1978 839 2028 Sosio
857 1975 999 2040 reppererit]
1020 1974 1112 2024 Cicero
1123 1973 1151 2022 ἰιι
1162 1972 1261 2023 Sextia·

163 2052 307 2101 foeditatem
335 2053 402 2101 enim
430 2053 514 2102 eidem
541 2052 692 2116 exprobrat,
732 2053 810 2102 made
822 2053 870 2100 hoc
883 2053 1056 2114 ipso,‘qoum
1067 2047 1263 2098 iilooreinimi·

163 2127 326 2177 ‘Visdicam
338 2127 485 2190 Gelli,’&c.
520 2127 638 2175 Lesbiam
649 2141 692 2174 an·
733 2140 855 2174 coemens
871 2124 1059 2175 maurianus!
1092 2123 1271 2186 quuitur-de.

69 2251 73 2259 ,
165 2209 219 2252 tem
235 2202 268 2251 ab
286 2202 378 2251 eodem
395 2208 505 2250 amatam
525 2201 621 2250 etalio
636 2200 692 2262 epi-
729 2201 957 2265 hoeipaoGellio,
977 2201 1052 2265 eique
1068 2197 1262 2248 eandemfoedi-

163 2283 307 2342 grammate
318 2278 456 2339 testatur‚‘
465 2277 525 2326 Non
536 2277 604 2339 ideo,
615 2275 693 2340 Gelli,
733 2284 814 2328 tatem
830 2277 882 2327 oris
899 2278 1050 2340 exprobrat.
1084 2274 1170 2324 Nimia
1186 2287 1262 2335 argu·

165 2353 300 2417 sperabam
313 2360 340 2401 te
351 2352 411 2401 mihi
423 2350 520 2401 fidum.'
535 2351 599 2400 Scol-
733 2361 831 2415 tantur,
843 2354 887 2417 qui
902 2368 954 2402 non
974 2353 1066 2401 Gellius
1080 2352 1131 2412 hic,
1148 2350 1194 2399 sed
1205 2351 1263 2399 Ias·

196 2433 212 2477 4
229 2429 259 2477 Si
276 2428 325 2476 trio
336 2425 485 2489 ‚amatorum
503 2425 618 2475 Audacia
636 2440 692 2476 cor·
733 2428 785 2478 diua
802 2431 903 2491 legunt,
919 2433 949 2476 ut
965 2427 1082 2476 Catullus
1105 2425 1138 2473 de
1160 2424 1262 2488 Clodio,

1 2488 2 2495 ἵ
164 2510 292 2553 rectorum
315 2508 357 2551 eat
376 2503 434 2550 iata.
476 2501 545 2551 Nam
562 2506 693 2549 amatorum
722 2508 922 2568 .quemeonstat
940 2516 1053 2551 sororem
1069 2506 1263 2561 constuprasse,

163 2583 355 2641 supposuerunt
380 2591 427 2641 pro
454 2591 494 2637 eo,
520 2576 589 2640 quod
616 2582 691 2625 vetus
731 2578 899 2640 intellexerit,
910 2583 937 2626 et
948 2575 1039 2625 eodem
1053 2574 1130 2624 modo
1142 2574 1262 2623 Clodium

164 2653 293 2715 scriptura
317 2667 371 2715 prae
391 2666 418 2700 se
440 2651 551 2713 ferebat,
575 2657 692 2701 notorum.
731 2650 1134 2716 Lesbiumvocet,quo(>iodiam
1144 2651 1262 2699 Lesbiam

164 2727 233 2791 quod
251 2733 278 2775 et
297 2727 389 2790 priscae
407 2726 534 2777 editiones
551 2728 692 2776 etiamnum
731 2730 877 2792 voeat,lroc
889 2742 938 2777 uuo
949 2726 1263 2790 argumentoducti,quia

165 2808 313 2851 constanter
324 2808 436 2851 servant.
464 2803 515 2851 Sed
527 2803 630 2850 minima
640 2817 695 2850 mu·
732 2803 1114 2869 iileappellatusaitpuloher:
1140 2802 1261 2866 quodiaic

164 2878 264 2928 tatione
275 2883 381 2926 notorum
397 2878 544 2940 legendnm,
561 2891 611 2927 non
626 2885 693 2928 uoto·
732 2884 834 2933 videtur
845 2885 962 2934 Catullus
977 2884 1040 2932 item
1052 2882 1176 2944 objicere.
1209 2880 1261 2930 Sed

164 2967 224 3000 rum.
241 2953 335 3014 virgil.
347 2951 372 2999 in
385 2952 448 3014 Ciri,
462 2953 538 3002 ‘Nec
549 2954 611 3002 mihi
623 2963 694 3004 uoto·
732 2959 754 3006 si
772 2958 887 3020 Clodius,
906 2959 951 3021 qui
972 2957 1057 3007 dictus
1079 2964 1121 3005 eat
1145 2955 1263 3018 puicirer,

164 3041 220 3075 rom
242 3025 375 3076 declinant
392 3027 486 3076 lumina
508 3028 608 3078 voitua.'
635 3029 696 3080 Noe·
731 3033 848 3082 inimicos
871 3033 1011 3094 Ciceronis,
1037 3047 1069 3081 ea
1089 3029 1195 3080 infamia
1216 3030 1261 3078 fla-

163 3103 221 3154 vius
233 3104 385 3167 Tarentilla,
401 3105 692 3170 ‘nunquamquisquam
733 3115 842 3170 grasset,
863 3121 924 3156 saue
945 3108 1037 3157 Cicero
1059 3107 1185 3156 talentum
1209 3118 1261 3154 non

165 3179 447 3231 amicaAmantiamico
456 3183 531 3231 nimia
543 3183 593 3232 siet
601 3182 695 3247 fidelis,
731 3184 876 3246 meruisset,
884 3189 914 3232 ut
923 3184 973 3232 hoe
984 3189 1072 3232 tacere
1084 3183 1173 3232 vellet.
1189 3182 1263 3231 Prae·

165 3255 223 3304 Nec
240 3256 316 3306 nimis
333 3257 384 3305 erit
401 3259 528 3320 morigera
546 3266 607 3308 uota
625 3261 693 3323 quia·
732 3266 804 3310 terea
815 3276 866 3309 uon
878 3261 1052 3310 meminerunt
1064 3260 1161 3310 Clodiae
1175 3260 1261 3322 gentis

99 3396 101 3400 Α
164 3333 231 3398 que?
257 3333 370 3397 ‘'Nota,
393 3334 693 3422 idinn,ve1potiusr'r
733 3339 853 3402 patricum
865 3340 932 3388 hunc
943 3337 1021 3388 furare
1031 3353 1107 3403 quam
1119 3352 1263 3402 cognomen

136 3408 273 3497 ἐρωμένη·
299 3415 404 3459 notorum
425 3412 512 3473 igitur,
534 3412 691 3462 amicorum:
732 3415 928 3465 Puiclrroruma
944 3414 1043 3478 plebeia
1062 3413 1154 3463 Clodia
1171 3413 1264 3462 distin·

136 3466 238 3537 notus
260 3502 314 3536 mos
334 3489 378 3537 iile
397 3493 514 3537 veterum
532 3491 618 3538 osculo
638 3495 691 3539 tam
733 3490 838 3552 guebat.
872 3491 974 3540 Pulcher
984 3490 1064 3554 agutur
1079 3504 1132 3538 non
1143 3503 1205 3538 eaau
1217 3489 1264 3538 aed

164 3563 329 3629 propinquos,
340 3579 415 3629 quam
431 3565 524 3614 amicos
535 3565 690 3629 excipiendi.
726 3567 787 3629 jure
798 3565 911 3628 familiae,
920 3572 966 3616 aut
976 3565 1115 3629 gentilitio.
1131 3566 1225 3614 Idem·

513 3792 719 3859 CARMEN
741 3793 904 3859 LXXX.

196 3997 211 4040 4
230 3992 327 4041 Emoili
345 3992 424 4055 longo]
441 3993 574 4056 Scriptura
593 3997 690 4054 nostra,
731 3990 907 4056 pomeridiano
924 4002 1013 4039 somno
1032 3987 1100 4037 diem
1114 3985 1262 4039 diffindere.

164 4068 285 4116 Etmoliia
294 4069 377 4128 ionga:
393 4068 496 4131 Magnis
514 4066 619 4117 mutibus
630 4067 690 4116 anni
733 4067 826 4132 Itaque
845 4081 878 4114 ex
896 4081 927 4114 eo
947 4079 1035 4114 somno
1052 4063 1213 4113 edormiendi
1234 4073 1262 4114 et

164 4143 291 4206 solebant,
301 4150 330 4193 ut
340 4145 423 4194 Varro
443 4143 565 4209 loquitur,
583 4143 690 4194 insititio
733 4142 930 4208 expergiscendi
940 4148 1040 4205 tempus
1052 4146 1108 4192 erat
1120 4147 1220 4203 octava,
1232 4149 1276 4205 ut‘
