<?xml version="1.0" encoding="UTF-8"?>
<!DOCTYPE html PUBLIC "-//W3C//DTD XHTML 1.0 Transitional//EN"
    "http://www.w3.org/TR/xhtml1/DTD/xhtml1-transitional.dtd">
<html xmlns="http://www.w3.org/1999/xhtml" xml:lang="en" lang="en">
 <head>
  <title>
</title>
<meta http-equiv="Content-Type" content="text/html;charset=utf-8" />
  <meta name='ocr-system' content='tesseract 3.04.00' />
  <meta name='ocr-capabilities' content='ocr_page ocr_carea ocr_par ocr_line ocrx_word'/>
</head>
<body>
  <div class='ocr_page' id='page_1' title='image "./cvaleriicatulli00catugoog/cvaleriicatulli00catugoog_0459.png"; bbox 0 0 2774 4702; ppageno 0'>
   <div class='ocr_carea' id='block_1_1' title="bbox 207 281 958 347">
    <p class='ocr_par' dir='ltr' id='par_1_1' title="bbox 207 281 958 347">
     <span class='ocr_line' id='line_1_1' title="bbox 207 281 958 347; baseline -0.015 0"><span class='ocrx_word' id='word_1_1' title='bbox 207 281 275 347; x_wconf 75' lang='lat'><strong>⁴30</strong></span> <span class='ocrx_word' id='word_1_2' title='bbox 560 289 667 339; x_wconf 83' lang='lat' dir='ltr'><strong>uornr</strong></span> <span class='ocrx_word' id='word_1_3' title='bbox 691 287 893 337; x_wconf 71' lang='lat' dir='ltr'><strong>venronun</strong></span> <span class='ocrx_word' id='word_1_4' title='bbox 918 286 958 336; x_wconf 81' lang='lat' dir='ltr'><strong>ru</strong></span> 
     </span>
    </p>
   </div>
   <div class='ocr_carea' id='block_1_2' title="bbox 209 426 1313 1103">
    <p class='ocr_par' dir='ltr' id='par_1_2' title="bbox 209 426 1313 1103">
     <span class='ocr_line' id='line_1_2' title="bbox 210 426 1310 500; baseline -0.011 -12"><span class='ocrx_word' id='word_1_5' title='bbox 210 445 280 490; x_wconf 83' lang='lat' dir='ltr'><strong>tasse</strong></span> <span class='ocrx_word' id='word_1_6' title='bbox 291 441 366 500; x_wconf 82' lang='lat' dir='ltr'><strong>pules</strong></span> <span class='ocrx_word' id='word_1_7' title='bbox 377 436 432 485; x_wconf 73' lang='lat' dir='ltr'><strong>haec</strong></span> <span class='ocrx_word' id='word_1_8' title='bbox 449 448 491 485; x_wconf 77' lang='lat' dir='ltr'><strong>me</strong></span> <span class='ocrx_word' id='word_1_9' title='bbox 509 432 658 496; x_wconf 78' lang='lat' dir='ltr'><strong>somniante,</strong></span> <span class='ocrx_word' id='word_1_10' title='bbox 677 431 738 481; x_wconf 77' lang='lat' dir='ltr'><strong>audi</strong></span> <span class='ocrx_word' id='word_1_11' title='bbox 777 448 821 493; x_wconf 84' lang='grc' dir='ltr'><strong>νοι,</strong></span> <span class='ocrx_word' id='word_1_12' title='bbox 839 433 890 480; x_wconf 79' lang='lat' dir='ltr'><strong>roir</strong></span> <span class='ocrx_word' id='word_1_13' title='bbox 901 432 959 480; x_wconf 74' lang='lat' dir='ltr'><strong>decis</strong></span> <span class='ocrx_word' id='word_1_14' title='bbox 976 427 1043 479; x_wconf 67' lang='lat' dir='ltr'><strong>olto</strong></span> <span class='ocrx_word' id='word_1_15' title='bbox 1058 427 1223 488; x_wconf 64' lang='lat' dir='ltr'><strong>&amp;novelicium</strong></span> <span class='ocrx_word' id='word_1_16' title='bbox 1232 426 1310 490; x_wconf 65' lang='grc' dir='ltr'>μέρος.</span> 
     </span>
     <span class='ocr_line' id='line_1_3' title="bbox 209 503 1311 577; baseline -0.012 -13"><span class='ocrx_word' id='word_1_17' title='bbox 209 517 380 577; x_wconf 82' lang='lat' dir='ltr'>interpretem</span> <span class='ocrx_word' id='word_1_18' title='bbox 391 511 468 560; x_wconf 85' lang='lat' dir='ltr'><strong>Statii</strong></span> <span class='ocrx_word' id='word_1_19' title='bbox 479 517 602 572; x_wconf 82' lang='lat' dir='ltr'><strong>veterem,</strong></span> <span class='ocrx_word' id='word_1_20' title='bbox 619 509 645 556; x_wconf 93' lang='lat' dir='ltr'><strong>in</strong></span> <span class='ocrx_word' id='word_1_21' title='bbox 655 506 736 557; x_wconf 80' lang='lat' dir='ltr'><strong>Theb.</strong></span> <span class='ocrx_word' id='word_1_22' title='bbox 777 508 820 564; x_wconf 70' lang='lat' dir='ltr'><strong>rins</strong></span> <span class='ocrx_word' id='word_1_23' title='bbox 830 504 876 569; x_wconf 72' lang='grc' dir='ltr'><strong>γὰρ</strong></span> <span class='ocrx_word' id='word_1_24' title='bbox 895 508 972 569; x_wconf 79' lang='grc' dir='ltr'><strong><em>ψυχῆς</em></strong></span> <span class='ocrx_word' id='word_1_25' title='bbox 988 515 1047 568; x_wconf 73' lang='lat' dir='ltr'><strong>pom</strong></span> <span class='ocrx_word' id='word_1_26' title='bbox 1063 506 1107 552; x_wconf 84' lang='grc' dir='ltr'><strong>τοῦ</strong></span> <span class='ocrx_word' id='word_1_27' title='bbox 1124 503 1205 567; x_wconf 80' lang='grc' dir='ltr'>ἱερείου</span> <span class='ocrx_word' id='word_1_28' title='bbox 1222 506 1311 552; x_wconf 77' lang='grc' dir='ltr'><strong><em>δεῖσθαι</em></strong></span> 
     </span>
     <span class='ocr_line' id='line_1_4' title="bbox 209 579 1312 650; baseline -0.01 -12"><span class='ocrx_word' id='word_1_29' title='bbox 209 604 230 638; x_wconf 86' lang='lat' dir='ltr'><strong>t.</strong></span> <span class='ocrx_word' id='word_1_30' title='bbox 254 587 369 650; x_wconf 83' lang='lat' dir='ltr'><strong>‘Nunc,&#39;</strong></span> <span class='ocrx_word' id='word_1_31' title='bbox 388 586 482 650; x_wconf 86' lang='lat' dir='ltr'><strong>inquit,</strong></span> <span class='ocrx_word' id='word_1_32' title='bbox 501 583 679 634; x_wconf 72' lang='lat' dir='ltr'><strong>‘Achemenii</strong></span> <span class='ocrx_word' id='word_1_33' title='bbox 700 581 738 630; x_wconf 84' lang='lat' dir='ltr'><strong>di·</strong></span> <span class='ocrx_word' id='word_1_34' title='bbox 777 580 891 645; x_wconf 71' lang='lat' dir='ltr'><strong>rororis,</strong></span> <span class='ocrx_word' id='word_1_35' title='bbox 907 581 983 631; x_wconf 65' lang='grc' dir='ltr'>ἄλλον</span> <span class='ocrx_word' id='word_1_36' title='bbox 997 581 1023 630; x_wconf 76' lang='grc' dir='ltr'><strong>δὲ</strong></span> <span class='ocrx_word' id='word_1_37' title='bbox 1040 579 1137 630; x_wconf 75' lang='grc' dir='ltr'><strong>οὐδενός.</strong></span> <span class='ocrx_word' id='word_1_38' title='bbox 1153 581 1214 641; x_wconf 79' lang='grc' dir='ltr'><strong><em>ὅμως</em></strong></span> <span class='ocrx_word' id='word_1_39' title='bbox 1230 579 1312 628; x_wconf 69' lang='lat' dir='ltr'><strong>diroti</strong></span> 
     </span>
     <span class='ocr_line' id='line_1_5' title="bbox 210 652 1313 726; baseline -0.012 -12"><span class='ocrx_word' id='word_1_40' title='bbox 210 671 312 726; x_wconf 88' lang='lat' dir='ltr'><strong>cuntur,</strong></span> <span class='ocrx_word' id='word_1_41' title='bbox 330 663 373 712; x_wconf 89' lang='lat' dir='ltr'><strong>ubi</strong></span> <span class='ocrx_word' id='word_1_42' title='bbox 386 662 533 725; x_wconf 76' lang='lat' dir='ltr'><strong>Apollinem</strong></span> <span class='ocrx_word' id='word_1_43' title='bbox 544 661 629 709; x_wconf 88' lang='lat' dir='ltr'><strong>Solem</strong></span> <span class='ocrx_word' id='word_1_44' title='bbox 639 659 738 718; x_wconf 89' lang='lat' dir='ltr'><strong>dicunt,</strong></span> <span class='ocrx_word' id='word_1_45' title='bbox 779 656 877 706; x_wconf 70' lang='grc' dir='ltr'><strong>ἐπίπλου</strong></span> <span class='ocrx_word' id='word_1_46' title='bbox 891 676 916 706; x_wconf 79' lang='grc' dir='ltr'><strong>τι</strong></span> <span class='ocrx_word' id='word_1_47' title='bbox 931 656 1011 720; x_wconf 67' lang='grc' dir='ltr'><strong><em>μικρὸν</em></strong></span> <span class='ocrx_word' id='word_1_48' title='bbox 1028 654 1140 717; x_wconf 73' lang='grc' dir='ltr'><strong><em>τιθέασιν,</em></strong></span> <span class='ocrx_word' id='word_1_49' title='bbox 1163 656 1193 703; x_wconf 77' lang='grc' dir='ltr'><strong>ὡς</strong></span> <span class='ocrx_word' id='word_1_50' title='bbox 1212 652 1313 713; x_wconf 69' lang='grc' dir='ltr'>λέγουσι</span> 
     </span>
     <span class='ocr_line' id='line_1_6' title="bbox 210 731 1311 803; baseline -0.01 -15"><span class='ocrx_word' id='word_1_51' title='bbox 210 736 283 803; x_wconf 87' lang='lat' dir='ltr'><strong>cujus</strong></span> <span class='ocrx_word' id='word_1_52' title='bbox 294 746 322 788; x_wconf 90' lang='lat' dir='ltr'><strong>et</strong></span> <span class='ocrx_word' id='word_1_53' title='bbox 336 752 467 787; x_wconf 88' lang='lat' dir='ltr'><strong>sacrorum</strong></span> <span class='ocrx_word' id='word_1_54' title='bbox 485 736 550 786; x_wconf 90' lang='lat' dir='ltr'><strong>ritus</strong></span> <span class='ocrx_word' id='word_1_55' title='bbox 561 734 690 785; x_wconf 84' lang='lat' dir='ltr'><strong>invenisse</strong></span> <span class='ocrx_word' id='word_1_56' title='bbox 701 732 738 781; x_wconf 93' lang='lat' dir='ltr'><strong>di·</strong></span> <span class='ocrx_word' id='word_1_57' title='bbox 777 752 849 796; x_wconf 75' lang='lat' dir='ltr'><strong>ross,</strong></span> <span class='ocrx_word' id='word_1_58' title='bbox 864 731 902 782; x_wconf 69' lang='lat' dir='ltr'><strong>eal</strong></span> <span class='ocrx_word' id='word_1_59' title='bbox 915 732 945 782; x_wconf 75' lang='lat' dir='ltr'><strong>ri</strong></span> <span class='ocrx_word' id='word_1_60' title='bbox 962 735 1015 798; x_wconf 80' lang='lat' dir='ltr'><strong>sip.</strong></span> <span class='ocrx_word' id='word_1_61' title='bbox 1048 733 1153 796; x_wconf 80' lang='lat' dir='ltr'><strong>Alioqui</strong></span> <span class='ocrx_word' id='word_1_62' title='bbox 1165 740 1192 780; x_wconf 89' lang='lat' dir='ltr'><strong>et</strong></span> <span class='ocrx_word' id='word_1_63' title='bbox 1203 732 1311 780; x_wconf 79' lang='lat' dir='ltr'>Persius</span> 
     </span>
     <span class='ocr_line' id='line_1_7' title="bbox 210 806 1312 873; baseline -0.01 -10"><span class='ocrx_word' id='word_1_64' title='bbox 210 815 321 865; x_wconf 88' lang='lat' dir='ltr'><strong>cuntur.’</strong></span> <span class='ocrx_word' id='word_1_65' title='bbox 337 815 401 864; x_wconf 79' lang='lat' dir='ltr'><strong>Scri.</strong></span> <span class='ocrx_word' id='word_1_66' title='bbox 778 809 870 859; x_wconf 88' lang='lat' dir='ltr'><strong>eodem</strong></span> <span class='ocrx_word' id='word_1_67' title='bbox 881 809 956 859; x_wconf 89' lang='lat' dir='ltr'><strong>modo</strong></span> <span class='ocrx_word' id='word_1_68' title='bbox 967 809 1089 873; x_wconf 88' lang='lat' dir='ltr'><strong>loquutus</strong></span> <span class='ocrx_word' id='word_1_69' title='bbox 1101 814 1152 868; x_wconf 90' lang='lat' dir='ltr'><strong>est,</strong></span> <span class='ocrx_word' id='word_1_70' title='bbox 1168 807 1273 858; x_wconf 82' lang='lat' dir='ltr'><strong>‘Quum</strong></span> <span class='ocrx_word' id='word_1_71' title='bbox 1283 806 1312 853; x_wconf 89' lang='lat' dir='ltr'><strong>in</strong></span> 
     </span>
     <span class='ocr_line' id='line_1_8' title="bbox 243 880 1313 951; baseline -0.009 -10"><span class='ocrx_word' id='word_1_72' title='bbox 243 894 260 941; x_wconf 83' lang='lat'><strong>6</strong></span> <span class='ocrx_word' id='word_1_73' title='bbox 277 891 400 938; x_wconf 82' lang='lat' dir='ltr'><strong>Omeutam</strong></span> <span class='ocrx_word' id='word_1_74' title='bbox 410 889 436 938; x_wconf 83' lang='lat' dir='ltr'><strong>in</strong></span> <span class='ocrx_word' id='word_1_75' title='bbox 441 887 553 951; x_wconf 74' lang='lat' dir='ltr'><strong>fluum]</strong></span> <span class='ocrx_word' id='word_1_76' title='bbox 570 885 673 942; x_wconf 79' lang='lat' dir='ltr'><strong>Strabo,</strong></span> <span class='ocrx_word' id='word_1_77' title='bbox 694 889 740 933; x_wconf 80' lang='lat' dir='ltr'><strong>Ms-</strong></span> <span class='ocrx_word' id='word_1_78' title='bbox 778 882 881 935; x_wconf 77' lang='lat' dir='ltr'><strong>flemma</strong></span> <span class='ocrx_word' id='word_1_79' title='bbox 901 885 948 934; x_wconf 91' lang='lat' dir='ltr'><strong>tibi</strong></span> <span class='ocrx_word' id='word_1_80' title='bbox 968 891 1008 934; x_wconf 91' lang='lat' dir='ltr'><strong>tot</strong></span> <span class='ocrx_word' id='word_1_81' title='bbox 1021 885 1138 948; x_wconf 91' lang='lat' dir='ltr'><strong>junicum</strong></span> <span class='ocrx_word' id='word_1_82' title='bbox 1159 888 1263 933; x_wconf 86' lang='lat' dir='ltr'><strong>omenta</strong></span> <span class='ocrx_word' id='word_1_83' title='bbox 1283 880 1313 931; x_wconf 89' lang='lat' dir='ltr'><strong>li·</strong></span> 
     </span>
     <span class='ocr_line' id='line_1_9' title="bbox 209 959 1011 1024; baseline -0.009 -9"><span class='ocrx_word' id='word_1_84' title='bbox 209 963 321 1015; x_wconf 62' lang='grc' dir='ltr'><strong>λίσαντος</strong></span> <span class='ocrx_word' id='word_1_85' title='bbox 332 963 357 1012; x_wconf 78' lang='grc' dir='ltr'><strong>δὲ</strong></span> <span class='ocrx_word' id='word_1_86' title='bbox 367 965 410 1013; x_wconf 82' lang='grc' dir='ltr'><strong>τοῦ</strong></span> <span class='ocrx_word' id='word_1_87' title='bbox 421 962 499 1024; x_wconf 74' lang='grc' dir='ltr'>μάγον</span> <span class='ocrx_word' id='word_1_88' title='bbox 515 962 545 1011; x_wconf 77' lang='lat' dir='ltr'><strong>rd</strong></span> <span class='ocrx_word' id='word_1_89' title='bbox 559 959 616 1024; x_wconf 76' lang='grc' dir='ltr'><strong>κρέα</strong></span> <span class='ocrx_word' id='word_1_90' title='bbox 630 962 673 1010; x_wconf 77' lang='grc' dir='ltr'><strong>τοῦ</strong></span> <span class='ocrx_word' id='word_1_91' title='bbox 682 961 739 1022; x_wconf 70' lang='grc' dir='ltr'><strong>ὕφη·</strong></span> <span class='ocrx_word' id='word_1_92' title='bbox 780 959 920 1024; x_wconf 68' lang='lat' dir='ltr'><strong>quesnelli!</strong></span> <span class='ocrx_word' id='word_1_93' title='bbox 936 960 1011 1009; x_wconf 76' lang='lat' dir='ltr'><strong>ldem.</strong></span> 
     </span>
     <span class='ocr_line' id='line_1_10' title="bbox 210 1034 919 1103; baseline -0.014 -12"><span class='ocrx_word' id='word_1_94' title='bbox 210 1037 324 1103; x_wconf 71' lang='grc' dir='ltr'>γονμένοο</span> <span class='ocrx_word' id='word_1_95' title='bbox 333 1039 377 1099; x_wconf 72' lang='grc' dir='ltr'><strong>τὴν</strong></span> <span class='ocrx_word' id='word_1_96' title='bbox 397 1037 525 1102; x_wconf 75' lang='grc' dir='ltr'><strong><em>ἱερουργίαν</em></strong></span> <span class='ocrx_word' id='word_1_97' title='bbox 544 1036 626 1087; x_wconf 69' lang='lat' dir='ltr'><strong>istim</strong></span> <span class='ocrx_word' id='word_1_98' title='bbox 636 1034 739 1095; x_wconf 72' lang='grc' dir='ltr'><strong>δοελόμε-</strong></span> <span class='ocrx_word' id='word_1_99' title='bbox 912 1040 919 1046; x_wconf 81' lang='grc'><em>”</em></span> 
     </span>
    </p>
   </div>
   <div class='ocr_carea' id='block_1_3' title="bbox 594 1337 925 1405">
    <p class='ocr_par' dir='ltr' id='par_1_3' title="bbox 594 1337 925 1405">
     <span class='ocr_line' id='line_1_11' title="bbox 594 1337 925 1405; baseline 0.003 -2"><span class='ocrx_word' id='word_1_100' title='bbox 594 1337 800 1405; x_wconf 84' lang='lat' dir='ltr'><strong>CARMEN</strong></span> <span class='ocrx_word' id='word_1_101' title='bbox 824 1338 925 1405; x_wconf 81' lang='lat' dir='ltr'>XCI.</span> 
     </span>
    </p>
   </div>
   <div class='ocr_carea' id='block_1_4' title="bbox 320 1565 1203 1637">
    <p class='ocr_par' dir='ltr' id='par_1_4' title="bbox 320 1565 1203 1637">
     <span class='ocr_line' id='line_1_12' title="bbox 320 1565 1203 1637; baseline -0.002 -20"><span class='ocrx_word' id='word_1_102' title='bbox 320 1574 335 1617; x_wconf 76' lang='lat' dir='ltr'><strong>t</strong></span> <span class='ocrx_word' id='word_1_103' title='bbox 354 1569 422 1625; x_wconf 77' lang='lat' dir='ltr'><strong>Quod</strong></span> <span class='ocrx_word' id='word_1_104' title='bbox 433 1574 457 1619; x_wconf 84' lang='lat' dir='ltr'><strong>te</strong></span> <span class='ocrx_word' id='word_1_105' title='bbox 468 1572 611 1635; x_wconf 64' lang='lat' dir='ltr'><strong>conoscere]</strong></span> <span class='ocrx_word' id='word_1_106' title='bbox 627 1570 722 1621; x_wconf 83' lang='lat' dir='ltr'><strong>Melius</strong></span> <span class='ocrx_word' id='word_1_107' title='bbox 732 1571 871 1637; x_wconf 84' lang='lat' dir='ltr'><strong>scriptura,</strong></span> <span class='ocrx_word' id='word_1_108' title='bbox 884 1570 933 1626; x_wconf 73' lang='lat' dir='ltr'><strong>Qus·</strong></span> <span class='ocrx_word' id='word_1_109' title='bbox 944 1575 1119 1630; x_wconf 67' lang='lat' dir='ltr'><strong>commossem.</strong></span> <span class='ocrx_word' id='word_1_110' title='bbox 1135 1565 1203 1615; x_wconf 86' lang='lat' dir='ltr'><strong>Scnl.</strong></span> 
     </span>
    </p>
   </div>
   <div class='ocr_carea' id='block_1_5' title="bbox 586 1876 937 1941">
    <p class='ocr_par' dir='ltr' id='par_1_5' title="bbox 586 1876 937 1941">
     <span class='ocr_line' id='line_1_13' title="bbox 586 1876 937 1941; baseline -0.006 -3"><span class='ocrx_word' id='word_1_111' title='bbox 586 1877 790 1939; x_wconf 81' lang='lat' dir='ltr'><strong>GARMEN</strong></span> <span class='ocrx_word' id='word_1_112' title='bbox 818 1876 937 1941; x_wconf 85' lang='lat' dir='ltr'><strong>XCII.</strong></span> 
     </span>
    </p>
   </div>
   <div class='ocr_carea' id='block_1_6' title="bbox 206 2109 1372 3978">
    <p class='ocr_par' dir='ltr' id='par_1_6' title="bbox 214 2109 1372 2328">
     <span class='ocr_line' id='line_1_14' title="bbox 244 2109 1311 2175; baseline -0.003 -14"><span class='ocrx_word' id='word_1_113' title='bbox 244 2111 423 2171; x_wconf 77' lang='lat' dir='ltr'><strong>2Dirpercum,</strong></span> <span class='ocrx_word' id='word_1_114' title='bbox 442 2124 478 2158; x_wconf 80' lang='lat' dir='ltr'><strong>ms</strong></span> <span class='ocrx_word' id='word_1_115' title='bbox 497 2113 545 2159; x_wconf 76' lang='lat' dir='ltr'><strong>nini</strong></span> <span class='ocrx_word' id='word_1_116' title='bbox 562 2113 647 2159; x_wconf 71' lang='lat' dir='ltr'><strong>Lesbio</strong></span> <span class='ocrx_word' id='word_1_117' title='bbox 664 2113 741 2174; x_wconf 82' lang='lat' dir='ltr'><strong>amnt]</strong></span> <span class='ocrx_word' id='word_1_118' title='bbox 781 2113 836 2175; x_wconf 86' lang='lat' dir='ltr'><strong>pite</strong></span> <span class='ocrx_word' id='word_1_119' title='bbox 848 2117 876 2158; x_wconf 92' lang='lat' dir='ltr'><strong>et</strong></span> <span class='ocrx_word' id='word_1_120' title='bbox 886 2109 997 2159; x_wconf 87' lang='lat' dir='ltr'><strong>fortunis</strong></span> <span class='ocrx_word' id='word_1_121' title='bbox 1016 2110 1068 2157; x_wconf 90' lang='lat' dir='ltr'><strong>suis</strong></span> <span class='ocrx_word' id='word_1_122' title='bbox 1080 2110 1172 2157; x_wconf 88' lang='lat' dir='ltr'><strong>malam</strong></span> <span class='ocrx_word' id='word_1_123' title='bbox 1190 2122 1244 2158; x_wconf 88' lang='lat' dir='ltr'><strong>rem</strong></span> <span class='ocrx_word' id='word_1_124' title='bbox 1265 2114 1311 2158; x_wconf 87' lang='lat' dir='ltr'><strong>aut</strong></span> 
     </span>
     <span class='ocr_line' id='line_1_15' title="bbox 214 2183 1372 2248; baseline -0.002 -12"><span class='ocrx_word' id='word_1_125' title='bbox 214 2186 287 2236; x_wconf 81' lang='lat' dir='ltr'><strong>lilius</strong></span> <span class='ocrx_word' id='word_1_126' title='bbox 299 2183 361 2232; x_wconf 88' lang='lat' dir='ltr'><strong>ordo</strong></span> <span class='ocrx_word' id='word_1_127' title='bbox 373 2184 399 2231; x_wconf 93' lang='lat' dir='ltr'><strong>in</strong></span> <span class='ocrx_word' id='word_1_128' title='bbox 410 2184 502 2246; x_wconf 87' lang='lat' dir='ltr'><strong>veteri,</strong></span> <span class='ocrx_word' id='word_1_129' title='bbox 517 2184 631 2234; x_wconf 84' lang='lat' dir='ltr'><strong>‘Lesbia</strong></span> <span class='ocrx_word' id='word_1_130' title='bbox 641 2200 682 2234; x_wconf 89' lang='lat' dir='ltr'><strong>me</strong></span> <span class='ocrx_word' id='word_1_131' title='bbox 690 2184 740 2234; x_wconf 90' lang='lat' dir='ltr'><strong>dis·</strong></span> <span class='ocrx_word' id='word_1_132' title='bbox 780 2186 939 2248; x_wconf 90' lang='lat' dir='ltr'><strong>periculum:</strong></span> <span class='ocrx_word' id='word_1_133' title='bbox 957 2185 989 2233; x_wconf 89' lang='lat' dir='ltr'><strong>ad</strong></span> <span class='ocrx_word' id='word_1_134' title='bbox 1003 2184 1107 2233; x_wconf 86' lang='lat' dir='ltr'><strong>verbum</strong></span> <span class='ocrx_word' id='word_1_135' title='bbox 1118 2184 1143 2232; x_wconf 94' lang='lat' dir='ltr'><strong>id</strong></span> <span class='ocrx_word' id='word_1_136' title='bbox 1156 2186 1258 2234; x_wconf 80' lang='lat' dir='ltr'><strong>Graecis</strong></span> <span class='ocrx_word' id='word_1_137' title='bbox 1269 2193 1313 2234; x_wconf 87' lang='lat' dir='ltr'><strong>est</strong></span> <span class='ocrx_word' id='word_1_138' title='bbox 1367 2240 1372 2248; x_wconf 37' lang='grc'><strong>,</strong></span> 
     </span>
     <span class='ocr_line' id='line_1_16' title="bbox 214 2259 1313 2328; baseline -0.003 -15"><span class='ocrx_word' id='word_1_139' title='bbox 214 2277 319 2328; x_wconf 86' lang='lat' dir='ltr'><strong>peream</strong></span> <span class='ocrx_word' id='word_1_140' title='bbox 330 2261 379 2310; x_wconf 83' lang='lat' dir='ltr'><strong>uiui</strong></span> <span class='ocrx_word' id='word_1_141' title='bbox 390 2260 476 2311; x_wconf 60' lang='lat' dir='ltr'><strong>amat?</strong></span> <span class='ocrx_word' id='word_1_142' title='bbox 491 2262 554 2310; x_wconf 63' lang='grc' dir='ltr'>ὅσοι.</span> <span class='ocrx_word' id='word_1_143' title='bbox 780 2261 939 2324; x_wconf 68' lang='grc' dir='ltr'><strong>ἀφοσιοῦσθαι.</strong></span> <span class='ocrx_word' id='word_1_144' title='bbox 962 2259 1055 2310; x_wconf 85' lang='lat' dir='ltr'><strong>Conoti</strong></span> <span class='ocrx_word' id='word_1_145' title='bbox 1064 2266 1124 2308; x_wconf 91' lang='lat' dir='ltr'><strong>suut</strong></span> <span class='ocrx_word' id='word_1_146' title='bbox 1134 2259 1239 2322; x_wconf 86' lang='lat' dir='ltr'><strong>quidam</strong></span> <span class='ocrx_word' id='word_1_147' title='bbox 1249 2260 1313 2310; x_wconf 81' lang='lat' dir='ltr'><strong>Gel-</strong></span> 
     </span>
    </p>

    <p class='ocr_par' dir='ltr' id='par_1_7' title="bbox 206 2334 1345 3978">
     <span class='ocr_line' id='line_1_17' title="bbox 246 2334 1312 2400; baseline -0.006 -12"><span class='ocrx_word' id='word_1_148' title='bbox 246 2344 261 2388; x_wconf 77' lang='lat'><em>8</em></span> <span class='ocrx_word' id='word_1_149' title='bbox 280 2338 328 2385; x_wconf 80' lang='lat' dir='ltr'><strong>Cui</strong></span> <span class='ocrx_word' id='word_1_150' title='bbox 346 2352 390 2398; x_wconf 81' lang='lat' dir='ltr'><strong>ego</strong></span> <span class='ocrx_word' id='word_1_151' title='bbox 409 2336 475 2399; x_wconf 81' lang='lat' dir='ltr'><strong>quusi</strong></span> <span class='ocrx_word' id='word_1_152' title='bbox 492 2336 584 2399; x_wconf 83' lang='lat' dir='ltr'><strong>eodem]</strong></span> <span class='ocrx_word' id='word_1_153' title='bbox 601 2336 740 2387; x_wconf 86' lang='lat' dir='ltr'><strong>Manifesto</strong></span> <span class='ocrx_word' id='word_1_154' title='bbox 779 2336 1016 2400; x_wconf 88' lang='lat' dir='ltr'><strong>liumsnperhujus</strong></span> <span class='ocrx_word' id='word_1_155' title='bbox 1032 2334 1226 2397; x_wconf 75' lang='lat' dir='ltr'><strong>epigrammatis</strong></span> <span class='ocrx_word' id='word_1_156' title='bbox 1238 2349 1312 2383; x_wconf 89' lang='lat' dir='ltr'><strong>enar·</strong></span> 
     </span>
     <span class='ocr_line' id='line_1_18' title="bbox 212 2409 1313 2476; baseline -0.006 -10"><span class='ocrx_word' id='word_1_157' title='bbox 212 2413 436 2466; x_wconf 81' lang='lat' dir='ltr'><strong>fclsnmetiamin</strong></span> <span class='ocrx_word' id='word_1_158' title='bbox 453 2415 635 2476; x_wconf 86' lang='lat' dir='ltr'><strong>manuscripto.</strong></span> <span class='ocrx_word' id='word_1_159' title='bbox 668 2413 704 2463; x_wconf 87' lang='lat' dir='ltr'><strong>At</strong></span> <span class='ocrx_word' id='word_1_160' title='bbox 714 2415 740 2463; x_wconf 91' lang='lat' dir='ltr'><strong>iu</strong></span> <span class='ocrx_word' id='word_1_161' title='bbox 781 2413 881 2462; x_wconf 88' lang='lat' dir='ltr'><strong>ratione</strong></span> <span class='ocrx_word' id='word_1_162' title='bbox 897 2410 1095 2474; x_wconf 85' lang='lat' dir='ltr'><strong>reprehendere.</strong></span> <span class='ocrx_word' id='word_1_163' title='bbox 1127 2409 1178 2458; x_wconf 85' lang='lat' dir='ltr'><strong>Sed</strong></span> <span class='ocrx_word' id='word_1_164' title='bbox 1199 2425 1240 2459; x_wconf 75' lang='lat' dir='ltr'><strong>nn</strong></span> <span class='ocrx_word' id='word_1_165' title='bbox 1261 2411 1313 2474; x_wconf 86' lang='lat' dir='ltr'><strong>ipsi</strong></span> 
     </span>
     <span class='ocr_line' id='line_1_19' title="bbox 213 2487 1314 2552; baseline -0.004 -10"><span class='ocrx_word' id='word_1_166' title='bbox 213 2488 345 2542; x_wconf 83' lang='lat' dir='ltr'><strong>veteribus</strong></span> <span class='ocrx_word' id='word_1_167' title='bbox 380 2488 508 2537; x_wconf 85' lang='lat' dir='ltr'><strong>Gelliauis</strong></span> <span class='ocrx_word' id='word_1_168' title='bbox 543 2489 742 2552; x_wconf 72' lang='lat' dir='ltr'>exemplaribus,</span> <span class='ocrx_word' id='word_1_169' title='bbox 780 2488 875 2538; x_wconf 82' lang='lat' dir='ltr'><strong>frustra</strong></span> <span class='ocrx_word' id='word_1_170' title='bbox 893 2495 962 2538; x_wconf 87' lang='lat' dir='ltr'><strong>sunt.</strong></span> <span class='ocrx_word' id='word_1_171' title='bbox 993 2488 1054 2539; x_wconf 89' lang='lat' dir='ltr'><strong>Non</strong></span> <span class='ocrx_word' id='word_1_172' title='bbox 1070 2487 1314 2538; x_wconf 76' lang='lat' dir='ltr'><strong>animadverterunt</strong></span> 
     </span>
     <span class='ocr_line' id='line_1_20' title="bbox 214 2562 1312 2633; baseline -0.005 -17"><span class='ocrx_word' id='word_1_173' title='bbox 214 2579 322 2633; x_wconf 89' lang='lat' dir='ltr'><strong>quornm</strong></span> <span class='ocrx_word' id='word_1_174' title='bbox 333 2563 532 2627; x_wconf 81' lang='lat' dir='ltr'><strong>descriptionem</strong></span> <span class='ocrx_word' id='word_1_175' title='bbox 549 2579 628 2627; x_wconf 89' lang='lat' dir='ltr'><strong>penes</strong></span> <span class='ocrx_word' id='word_1_176' title='bbox 640 2579 687 2613; x_wconf 90' lang='lat' dir='ltr'><strong>nos</strong></span> <span class='ocrx_word' id='word_1_177' title='bbox 697 2566 742 2613; x_wconf 86' lang='lat' dir='ltr'><strong>ha·</strong></span> <span class='ocrx_word' id='word_1_178' title='bbox 782 2565 912 2614; x_wconf 88' lang='lat' dir='ltr'><strong>Catullum</strong></span> <span class='ocrx_word' id='word_1_179' title='bbox 924 2562 1033 2614; x_wconf 90' lang='lat' dir='ltr'><strong>totidem</strong></span> <span class='ocrx_word' id='word_1_180' title='bbox 1044 2562 1131 2612; x_wconf 84' lang='lat' dir='ltr'><strong>verbis</strong></span> <span class='ocrx_word' id='word_1_181' title='bbox 1147 2562 1239 2612; x_wconf 86' lang='lat' dir='ltr'><strong>eadent</strong></span> <span class='ocrx_word' id='word_1_182' title='bbox 1251 2577 1312 2611; x_wconf 90' lang='lat' dir='ltr'><strong>cnu-</strong></span> 
     </span>
     <span class='ocr_line' id='line_1_21' title="bbox 212 2637 1314 2703; baseline -0.004 -13"><span class='ocrx_word' id='word_1_183' title='bbox 212 2642 312 2703; x_wconf 89' lang='lat' dir='ltr'><strong>bemus,</strong></span> <span class='ocrx_word' id='word_1_184' title='bbox 329 2640 435 2702; x_wconf 84' lang='lat' dir='ltr'><strong>legitur,</strong></span> <span class='ocrx_word' id='word_1_185' title='bbox 456 2641 508 2695; x_wconf 84' lang='lat' dir='ltr'><strong>Quo</strong></span> <span class='ocrx_word' id='word_1_186' title='bbox 518 2638 605 2700; x_wconf 81' lang='lat' dir='ltr'><strong>siguo?</strong></span> <span class='ocrx_word' id='word_1_187' title='bbox 621 2640 742 2702; x_wconf 71' lang='lat' dir='ltr'><strong>qudeim</strong></span> <span class='ocrx_word' id='word_1_188' title='bbox 782 2640 849 2689; x_wconf 86' lang='lat' dir='ltr'><strong>vicia</strong></span> <span class='ocrx_word' id='word_1_189' title='bbox 859 2641 885 2688; x_wconf 90' lang='lat' dir='ltr'><strong>in</strong></span> <span class='ocrx_word' id='word_1_190' title='bbox 896 2637 1085 2702; x_wconf 79' lang='lat' dir='ltr'><strong>caputLesbiae</strong></span> <span class='ocrx_word' id='word_1_191' title='bbox 1095 2651 1224 2700; x_wconf 80' lang='lat' dir='ltr'><strong>regerere.</strong></span> <span class='ocrx_word' id='word_1_192' title='bbox 1258 2638 1314 2686; x_wconf 83' lang='lat' dir='ltr'><strong>lta·</strong></span> 
     </span>
     <span class='ocr_line' id='line_1_22' title="bbox 212 2712 1326 2783; baseline -0.004 -19"><span class='ocrx_word' id='word_1_193' title='bbox 212 2717 320 2766; x_wconf 83' lang='lat' dir='ltr'><strong>tolidem.</strong></span> <span class='ocrx_word' id='word_1_194' title='bbox 354 2716 436 2764; x_wconf 86' lang='lat' dir='ltr'><strong>Plana</strong></span> <span class='ocrx_word' id='word_1_195' title='bbox 447 2721 488 2764; x_wconf 88' lang='lat' dir='ltr'><strong>est</strong></span> <span class='ocrx_word' id='word_1_196' title='bbox 498 2714 637 2766; x_wconf 87' lang='lat' dir='ltr'><strong>sententia.</strong></span> <span class='ocrx_word' id='word_1_197' title='bbox 665 2715 742 2783; x_wconf 83' lang='lat' dir='ltr'><strong>Quod</strong></span> <span class='ocrx_word' id='word_1_198' title='bbox 782 2729 831 2779; x_wconf 90' lang='lat' dir='ltr'><strong>que</strong></span> <span class='ocrx_word' id='word_1_199' title='bbox 843 2714 869 2762; x_wconf 90' lang='lat' dir='ltr'><strong>id</strong></span> <span class='ocrx_word' id='word_1_200' title='bbox 879 2715 959 2777; x_wconf 81' lang='lat' dir='ltr'><strong>plane</strong></span> <span class='ocrx_word' id='word_1_201' title='bbox 974 2720 1015 2762; x_wconf 91' lang='lat' dir='ltr'><strong>est</strong></span> <span class='ocrx_word' id='word_1_202' title='bbox 1032 2712 1179 2774; x_wconf 75' lang='lat' dir='ltr'><strong>Deprecari</strong></span> <span class='ocrx_word' id='word_1_203' title='bbox 1194 2726 1209 2760; x_wconf 94' lang='lat' dir='ltr'><strong>a</strong></span> <span class='ocrx_word' id='word_1_204' title='bbox 1226 2727 1254 2761; x_wconf 92' lang='lat' dir='ltr'><strong>se</strong></span> <span class='ocrx_word' id='word_1_205' title='bbox 1266 2712 1326 2761; x_wconf 53' lang='lat' dir='ltr'><strong>ati.»</strong></span> 
     </span>
     <span class='ocr_line' id='line_1_23' title="bbox 206 2789 1313 2854; baseline -0.002 -14"><span class='ocrx_word' id='word_1_206' title='bbox 206 2791 274 2840; x_wconf 84' lang='lat' dir='ltr'><strong>milri</strong></span> <span class='ocrx_word' id='word_1_207' title='bbox 295 2789 390 2839; x_wconf 80' lang='lat' dir='ltr'><strong>Lesbio</strong></span> <span class='ocrx_word' id='word_1_208' title='bbox 411 2789 579 2852; x_wconf 80' lang='lat' dir='ltr'><strong>imprecetur,</strong></span> <span class='ocrx_word' id='word_1_209' title='bbox 605 2804 654 2854; x_wconf 73' lang='lat' dir='ltr'><strong>ego</strong></span> <span class='ocrx_word' id='word_1_210' title='bbox 677 2791 741 2839; x_wconf 89' lang='lat' dir='ltr'><strong>illud</strong></span> <span class='ocrx_word' id='word_1_211' title='bbox 782 2791 832 2841; x_wconf 87' lang='lat' dir='ltr'><strong>cul.</strong></span> <span class='ocrx_word' id='word_1_212' title='bbox 849 2790 1057 2854; x_wconf 87' lang='lat' dir='ltr'><strong>Deprecariase</strong></span> <span class='ocrx_word' id='word_1_213' title='bbox 1068 2789 1095 2838; x_wconf 91' lang='lat' dir='ltr'><strong>in</strong></span> <span class='ocrx_word' id='word_1_214' title='bbox 1106 2789 1224 2853; x_wconf 82' lang='lat' dir='ltr'><strong>aliquem.</strong></span> <span class='ocrx_word' id='word_1_215' title='bbox 1242 2789 1313 2838; x_wconf 84' lang='lat' dir='ltr'><strong>Nam</strong></span> 
     </span>
     <span class='ocr_line' id='line_1_24' title="bbox 215 2863 1315 2932; baseline -0.002 -16"><span class='ocrx_word' id='word_1_216' title='bbox 215 2866 308 2915; x_wconf 87' lang='lat' dir='ltr'><strong>amoris</strong></span> <span class='ocrx_word' id='word_1_217' title='bbox 317 2863 529 2926; x_wconf 78' lang='lat' dir='ltr'><strong>significationem</strong></span> <span class='ocrx_word' id='word_1_218' title='bbox 538 2870 609 2927; x_wconf 90' lang='lat' dir='ltr'><strong>puto.</strong></span> <span class='ocrx_word' id='word_1_219' title='bbox 642 2865 743 2916; x_wconf 83' lang='lat' dir='ltr'><strong>Quare?</strong></span> <span class='ocrx_word' id='word_1_220' title='bbox 782 2881 905 2932; x_wconf 77' lang='lat' dir='ltr'><strong>nusquam</strong></span> <span class='ocrx_word' id='word_1_221' title='bbox 918 2865 1315 2927; x_wconf 73' lang='lat' dir='ltr'><strong>foetumutDeprecorsimpli-</strong></span> 
     </span>
     <span class='ocr_line' id='line_1_25' title="bbox 213 2937 1315 3003; baseline 0.002 -17"><span class='ocrx_word' id='word_1_222' title='bbox 213 2940 275 3003; x_wconf 84' lang='lat' dir='ltr'><strong>quic</strong></span> <span class='ocrx_word' id='word_1_223' title='bbox 286 2951 334 3000; x_wconf 75' lang='lat' dir='ltr'><strong>ego</strong></span> <span class='ocrx_word' id='word_1_224' title='bbox 346 2946 437 2986; x_wconf 89' lang='lat' dir='ltr'><strong>contra</strong></span> <span class='ocrx_word' id='word_1_225' title='bbox 452 2937 561 2985; x_wconf 90' lang='lat' dir='ltr'><strong>totidem</strong></span> <span class='ocrx_word' id='word_1_226' title='bbox 570 2938 608 2986; x_wconf 91' lang='lat' dir='ltr'><strong>illi</strong></span> <span class='ocrx_word' id='word_1_227' title='bbox 619 2953 744 2987; x_wconf 82' lang='lat' dir='ltr'><strong>execror:</strong></span> <span class='ocrx_word' id='word_1_228' title='bbox 783 2942 849 2990; x_wconf 87' lang='lat' dir='ltr'><strong>citer</strong></span> <span class='ocrx_word' id='word_1_229' title='bbox 871 2941 907 2989; x_wconf 88' lang='lat' dir='ltr'><strong>sit</strong></span> <span class='ocrx_word' id='word_1_230' title='bbox 925 2941 1062 3003; x_wconf 89' lang='lat' dir='ltr'><strong>imprecor.</strong></span> <span class='ocrx_word' id='word_1_231' title='bbox 1096 2939 1191 3002; x_wconf 91' lang='lat' dir='ltr'><strong>Neque</strong></span> <span class='ocrx_word' id='word_1_232' title='bbox 1210 2939 1315 3001; x_wconf 83' lang='lat' dir='ltr'><strong>Lesbia,</strong></span> 
     </span>
     <span class='ocr_line' id='line_1_26' title="bbox 214 3011 1315 3079; baseline 0 -17"><span class='ocrx_word' id='word_1_233' title='bbox 214 3015 260 3063; x_wconf 86' lang='lat' dir='ltr'><strong>sed</strong></span> <span class='ocrx_word' id='word_1_234' title='bbox 279 3013 434 3075; x_wconf 80' lang='lat' dir='ltr'><strong>dispeream,</strong></span> <span class='ocrx_word' id='word_1_235' title='bbox 454 3013 477 3059; x_wconf 92' lang='lat' dir='ltr'><strong>si</strong></span> <span class='ocrx_word' id='word_1_236' title='bbox 495 3011 657 3061; x_wconf 85' lang='lat' dir='ltr'><strong>nihilominus</strong></span> <span class='ocrx_word' id='word_1_237' title='bbox 677 3028 742 3064; x_wconf 84' lang='lat' dir='ltr'><strong>omo.</strong></span> <span class='ocrx_word' id='word_1_238' title='bbox 783 3013 1315 3079; x_wconf 79' lang='lat' dir='ltr'><strong>quacprimaconriciaturCutullo,potest</strong></span> 
     </span>
     <span class='ocr_line' id='line_1_27' title="bbox 214 3086 1314 3153; baseline -0.004 -14"><span class='ocrx_word' id='word_1_239' title='bbox 214 3089 299 3139; x_wconf 84' lang='lat' dir='ltr'><strong>Recte</strong></span> <span class='ocrx_word' id='word_1_240' title='bbox 310 3088 411 3138; x_wconf 84' lang='lat' dir='ltr'><strong>Gellius</strong></span> <span class='ocrx_word' id='word_1_241' title='bbox 421 3089 531 3150; x_wconf 81' lang='lat' dir='ltr'><strong>deprecor</strong></span> <span class='ocrx_word' id='word_1_242' title='bbox 545 3088 743 3152; x_wconf 89' lang='lat' dir='ltr'><strong>interpretatur,</strong></span> <span class='ocrx_word' id='word_1_243' title='bbox 783 3089 866 3138; x_wconf 87' lang='lat' dir='ltr'><strong>rideri</strong></span> <span class='ocrx_word' id='word_1_244' title='bbox 877 3089 980 3153; x_wconf 87' lang='lat' dir='ltr'><strong>proprie</strong></span> <span class='ocrx_word' id='word_1_245' title='bbox 992 3086 1129 3151; x_wconf 89' lang='lat' dir='ltr'><strong>deprecari</strong></span> <span class='ocrx_word' id='word_1_246' title='bbox 1139 3086 1249 3136; x_wconf 85' lang='lat' dir='ltr'><strong>Catullo.</strong></span> <span class='ocrx_word' id='word_1_247' title='bbox 1278 3087 1314 3135; x_wconf 86' lang='lat' dir='ltr'><strong>id</strong></span> 
     </span>
     <span class='ocr_line' id='line_1_28' title="bbox 215 3160 1345 3227; baseline -0.004 -11"><span class='ocrx_word' id='word_1_248' title='bbox 215 3165 321 3216; x_wconf 87' lang='lat' dir='ltr'><strong>amolior</strong></span> <span class='ocrx_word' id='word_1_249' title='bbox 340 3163 404 3212; x_wconf 85' lang='lat' dir='ltr'><strong>iliud</strong></span> <span class='ocrx_word' id='word_1_250' title='bbox 426 3163 453 3211; x_wconf 93' lang='lat' dir='ltr'><strong>in</strong></span> <span class='ocrx_word' id='word_1_251' title='bbox 475 3169 555 3226; x_wconf 87' lang='lat' dir='ltr'><strong>capnt</strong></span> <span class='ocrx_word' id='word_1_252' title='bbox 576 3164 642 3227; x_wconf 86' lang='lat' dir='ltr'><strong>ejus.</strong></span> <span class='ocrx_word' id='word_1_253' title='bbox 675 3160 744 3216; x_wconf 88' lang='lat' dir='ltr'><strong>Nam‘</strong></span> <span class='ocrx_word' id='word_1_254' title='bbox 782 3166 851 3215; x_wconf 89' lang='lat' dir='ltr'><strong>enim</strong></span> <span class='ocrx_word' id='word_1_255' title='bbox 873 3179 925 3216; x_wconf 89' lang='lat' dir='ltr'><strong>non</strong></span> <span class='ocrx_word' id='word_1_256' title='bbox 956 3164 1055 3226; x_wconf 90' lang='lat' dir='ltr'><strong>patitur</strong></span> <span class='ocrx_word' id='word_1_257' title='bbox 1081 3163 1167 3211; x_wconf 82' lang='lat' dir='ltr'><strong>Latini</strong></span> <span class='ocrx_word' id='word_1_258' title='bbox 1188 3163 1314 3212; x_wconf 88' lang='lat' dir='ltr'><strong>sermonis</strong></span> <span class='ocrx_word' id='word_1_259' title='bbox 1343 3176 1345 3185; x_wconf 60' lang='lat'><em>¹</em></span> 
     </span>
     <span class='ocr_line' id='line_1_29' title="bbox 214 3238 1316 3305; baseline -0.003 -14"><span class='ocrx_word' id='word_1_260' title='bbox 214 3255 292 3305; x_wconf 86' lang='lat' dir='ltr'><strong>quum</strong></span> <span class='ocrx_word' id='word_1_261' title='bbox 303 3239 394 3303; x_wconf 89' lang='lat' dir='ltr'><strong>aliquis</strong></span> <span class='ocrx_word' id='word_1_262' title='bbox 405 3238 471 3286; x_wconf 90' lang='lat' dir='ltr'><strong>male</strong></span> <span class='ocrx_word' id='word_1_263' title='bbox 486 3238 683 3300; x_wconf 85' lang='lat' dir='ltr'><strong>imprecaretur,</strong></span> <span class='ocrx_word' id='word_1_264' title='bbox 700 3238 744 3303; x_wconf 93' lang='lat' dir='ltr'><strong>qni</strong></span> <span class='ocrx_word' id='word_1_265' title='bbox 783 3241 898 3291; x_wconf 86' lang='lat' dir='ltr'><strong>castitas.</strong></span> <span class='ocrx_word' id='word_1_266' title='bbox 931 3239 983 3290; x_wconf 78' lang='lat' dir='ltr'><strong>Sed</strong></span> <span class='ocrx_word' id='word_1_267' title='bbox 995 3239 1123 3300; x_wconf 77' lang='lat' dir='ltr'><strong>Catullus,</strong></span> <span class='ocrx_word' id='word_1_268' title='bbox 1138 3238 1183 3301; x_wconf 91' lang='lat' dir='ltr'><strong>qni</strong></span> <span class='ocrx_word' id='word_1_269' title='bbox 1193 3253 1244 3286; x_wconf 92' lang='lat' dir='ltr'><strong>uon</strong></span> <span class='ocrx_word' id='word_1_270' title='bbox 1257 3240 1316 3288; x_wconf 88' lang='lat' dir='ltr'><strong>vult</strong></span> 
     </span>
     <span class='ocr_line' id='line_1_30' title="bbox 215 3311 1314 3378; baseline -0.002 -14"><span class='ocrx_word' id='word_1_271' title='bbox 215 3314 346 3374; x_wconf 85' lang='lat' dir='ltr'><strong>audiebat,</strong></span> <span class='ocrx_word' id='word_1_272' title='bbox 373 3311 538 3374; x_wconf 72' lang='grc' dir='ltr'><strong>ἀφοσιούμενος</strong></span> <span class='ocrx_word' id='word_1_273' title='bbox 559 3312 744 3376; x_wconf 79' lang='lat' dir='ltr'><strong>respondebat,</strong></span> <span class='ocrx_word' id='word_1_274' title='bbox 782 3317 840 3366; x_wconf 83' lang='lat' dir='ltr'><strong>lraec</strong></span> <span class='ocrx_word' id='word_1_275' title='bbox 851 3316 970 3366; x_wconf 88' lang='lat' dir='ltr'><strong>convicia</strong></span> <span class='ocrx_word' id='word_1_276' title='bbox 979 3315 1005 3364; x_wconf 89' lang='lat' dir='ltr'><strong>in</strong></span> <span class='ocrx_word' id='word_1_277' title='bbox 1022 3313 1169 3375; x_wconf 82' lang='lat' dir='ltr'><strong>secedere,</strong></span> <span class='ocrx_word' id='word_1_278' title='bbox 1186 3313 1314 3378; x_wconf 81' lang='lat' dir='ltr'><strong>religione</strong></span> 
     </span>
     <span class='ocr_line' id='line_1_31' title="bbox 216 3388 1315 3456; baseline -0.002 -15"><span class='ocrx_word' id='word_1_279' title='bbox 216 3389 292 3441; x_wconf 81' lang='lat' dir='ltr'><strong>Quod</strong></span> <span class='ocrx_word' id='word_1_280' title='bbox 304 3388 406 3453; x_wconf 90' lang='lat' dir='ltr'><strong>quidem</strong></span> <span class='ocrx_word' id='word_1_281' title='bbox 418 3389 490 3436; x_wconf 80' lang='lat' dir='ltr'><strong>aetati</strong></span> <span class='ocrx_word' id='word_1_282' title='bbox 503 3393 554 3436; x_wconf 78' lang='lat' dir='ltr'><strong>tuae</strong></span> <span class='ocrx_word' id='word_1_283' title='bbox 573 3395 650 3450; x_wconf 82' lang='lat' dir='ltr'><strong>utque</strong></span> <span class='ocrx_word' id='word_1_284' title='bbox 662 3388 744 3451; x_wconf 89' lang='lat' dir='ltr'><strong>capiti</strong></span> <span class='ocrx_word' id='word_1_285' title='bbox 784 3407 814 3440; x_wconf 85' lang='lat' dir='ltr'><strong>ac</strong></span> <span class='ocrx_word' id='word_1_286' title='bbox 824 3391 1008 3456; x_wconf 76' lang='lat' dir='ltr'><strong>superstitione</strong></span> <span class='ocrx_word' id='word_1_287' title='bbox 1016 3390 1115 3451; x_wconf 80' lang='lat' dir='ltr'><strong>irrigari</strong></span> <span class='ocrx_word' id='word_1_288' title='bbox 1123 3404 1154 3438; x_wconf 90' lang='lat' dir='ltr'><strong>ea</strong></span> <span class='ocrx_word' id='word_1_289' title='bbox 1163 3389 1190 3438; x_wconf 90' lang='lat' dir='ltr'><strong>in</strong></span> <span class='ocrx_word' id='word_1_290' title='bbox 1202 3403 1261 3438; x_wconf 89' lang='lat' dir='ltr'><strong>eam</strong></span> <span class='ocrx_word' id='word_1_291' title='bbox 1274 3405 1315 3439; x_wconf 94' lang='lat' dir='ltr'><strong>re-</strong></span> 
     </span>
     <span class='ocr_line' id='line_1_32' title="bbox 213 3461 1317 3532; baseline 0.002 -19"><span class='ocrx_word' id='word_1_292' title='bbox 213 3470 312 3526; x_wconf 84' lang='lat' dir='ltr'><strong>vertat,</strong></span> <span class='ocrx_word' id='word_1_293' title='bbox 331 3469 361 3512; x_wconf 93' lang='lat' dir='ltr'><strong>nt</strong></span> <span class='ocrx_word' id='word_1_294' title='bbox 377 3461 574 3526; x_wconf 79' lang='lat' dir='ltr'><strong>Aristophanes,</strong></span> <span class='ocrx_word' id='word_1_295' title='bbox 593 3461 625 3513; x_wconf 77' lang='lat' dir='ltr'><strong>sis</strong></span> <span class='ocrx_word' id='word_1_296' title='bbox 638 3462 744 3526; x_wconf 72' lang='grc' dir='ltr'>κεφαλήν</span> <span class='ocrx_word' id='word_1_297' title='bbox 783 3466 866 3528; x_wconf 77' lang='lat' dir='ltr'><strong>gerit:</strong></span> <span class='ocrx_word' id='word_1_298' title='bbox 884 3467 970 3532; x_wconf 88' lang='lat' dir='ltr'><strong>idque,</strong></span> <span class='ocrx_word' id='word_1_299' title='bbox 988 3471 1017 3516; x_wconf 89' lang='lat' dir='ltr'><strong>ut</strong></span> <span class='ocrx_word' id='word_1_300' title='bbox 1028 3465 1090 3528; x_wconf 89' lang='lat' dir='ltr'><strong>dixi,</strong></span> <span class='ocrx_word' id='word_1_301' title='bbox 1104 3466 1192 3528; x_wconf 84' lang='lat' dir='ltr'><strong>polam</strong></span> <span class='ocrx_word' id='word_1_302' title='bbox 1203 3472 1246 3515; x_wconf 88' lang='lat' dir='ltr'><strong>cst</strong></span> <span class='ocrx_word' id='word_1_303' title='bbox 1261 3467 1317 3515; x_wconf 92' lang='lat' dir='ltr'><strong>De-</strong></span> 
     </span>
     <span class='ocr_line' id='line_1_33' title="bbox 215 3537 1317 3605; baseline 0 -17"><span class='ocrx_word' id='word_1_304' title='bbox 215 3557 258 3588; x_wconf 75' lang='lat' dir='ltr'><strong>ooc</strong></span> <span class='ocrx_word' id='word_1_305' title='bbox 299 3537 429 3603; x_wconf 80' lang='lat' dir='ltr'><strong>Quicquid</strong></span> <span class='ocrx_word' id='word_1_306' title='bbox 452 3539 532 3600; x_wconf 86' lang='lat' dir='ltr'><strong>igitur</strong></span> <span class='ocrx_word' id='word_1_307' title='bbox 551 3539 743 3601; x_wconf 86' lang='lat' dir='ltr'><strong>imprecabatur</strong></span> <span class='ocrx_word' id='word_1_308' title='bbox 782 3542 894 3605; x_wconf 84' lang='lat' dir='ltr'><strong>procuri.</strong></span> <span class='ocrx_word' id='word_1_309' title='bbox 933 3540 1003 3594; x_wconf 84' lang='lat' dir='ltr'><strong>Quin</strong></span> <span class='ocrx_word' id='word_1_310' title='bbox 1031 3540 1208 3590; x_wconf 88' lang='lat' dir='ltr'><strong>testimoninm</strong></span> <span class='ocrx_word' id='word_1_311' title='bbox 1236 3540 1317 3589; x_wconf 85' lang='lat' dir='ltr'><strong>Ennii</strong></span> 
     </span>
     <span class='ocr_line' id='line_1_34' title="bbox 215 3613 1308 3682; baseline 0.001 -19"><span class='ocrx_word' id='word_1_312' title='bbox 215 3613 318 3663; x_wconf 78' lang='lat' dir='ltr'><strong>Catullo</strong></span> <span class='ocrx_word' id='word_1_313' title='bbox 330 3613 434 3674; x_wconf 85' lang='lat' dir='ltr'><strong>Lesbia,</strong></span> <span class='ocrx_word' id='word_1_314' title='bbox 450 3613 477 3661; x_wconf 90' lang='lat' dir='ltr'><strong>id</strong></span> <span class='ocrx_word' id='word_1_315' title='bbox 490 3627 564 3664; x_wconf 90' lang='lat' dir='ltr'><strong>omne</strong></span> <span class='ocrx_word' id='word_1_316' title='bbox 581 3630 597 3664; x_wconf 86' lang='lat' dir='ltr'><strong>a</strong></span> <span class='ocrx_word' id='word_1_317' title='bbox 609 3615 674 3665; x_wconf 90' lang='lat' dir='ltr'><strong>sein</strong></span> <span class='ocrx_word' id='word_1_318' title='bbox 686 3617 742 3679; x_wconf 87' lang='lat' dir='ltr'><strong>ejus</strong></span> <span class='ocrx_word' id='word_1_319' title='bbox 783 3618 852 3682; x_wconf 86' lang='lat' dir='ltr'><strong>apud</strong></span> <span class='ocrx_word' id='word_1_320' title='bbox 862 3616 975 3666; x_wconf 82' lang='lat' dir='ltr'><strong>Gellium</strong></span> <span class='ocrx_word' id='word_1_321' title='bbox 986 3615 1055 3678; x_wconf 85' lang='lat' dir='ltr'><strong>idem</strong></span> <span class='ocrx_word' id='word_1_322' title='bbox 1066 3614 1212 3663; x_wconf 85' lang='lat' dir='ltr'><strong>coufirmat.</strong></span> <span class='ocrx_word' id='word_1_323' title='bbox 1229 3614 1308 3669; x_wconf 77' lang='lat' dir='ltr'><strong>idern,</strong></span> 
     </span>
     <span class='ocr_line' id='line_1_35' title="bbox 214 3687 1316 3754; baseline 0.001 -17"><span class='ocrx_word' id='word_1_324' title='bbox 214 3694 296 3751; x_wconf 90' lang='lat' dir='ltr'><strong>capnt</strong></span> <span class='ocrx_word' id='word_1_325' title='bbox 314 3687 532 3750; x_wconf 85' lang='lat' dir='ltr'><strong>imprecabuudus</strong></span> <span class='ocrx_word' id='word_1_326' title='bbox 560 3691 740 3742; x_wconf 87' lang='lat' dir='ltr'><strong>amoliebatur.</strong></span> <span class='ocrx_word' id='word_1_327' title='bbox 817 3692 945 3747; x_wconf 83' lang='lat' dir='ltr'><strong>Quosinnu</strong></span> <span class='ocrx_word' id='word_1_328' title='bbox 956 3687 1122 3751; x_wconf 55' lang='lat' dir='ltr'><strong>totidemdrc]</strong></span> <span class='ocrx_word' id='word_1_329' title='bbox 1138 3688 1316 3754; x_wconf 84' lang='lat' dir='ltr'><strong>interpungo,</strong></span> 
     </span>
     <span class='ocr_line' id='line_1_36' title="bbox 215 3762 1316 3826; baseline 0.002 -14"><span class='ocrx_word' id='word_1_330' title='bbox 215 3762 323 3812; x_wconf 85' lang='lat' dir='ltr'><strong>Precari</strong></span> <span class='ocrx_word' id='word_1_331' title='bbox 334 3776 366 3811; x_wconf 91' lang='lat' dir='ltr'><strong>ne</strong></span> <span class='ocrx_word' id='word_1_332' title='bbox 385 3762 434 3811; x_wconf 90' lang='lat' dir='ltr'><strong>sibi</strong></span> <span class='ocrx_word' id='word_1_333' title='bbox 453 3762 563 3825; x_wconf 82' lang='lat' dir='ltr'><strong>accidat,</strong></span> <span class='ocrx_word' id='word_1_334' title='bbox 581 3766 628 3814; x_wconf 85' lang='lat' dir='ltr'><strong>hoc</strong></span> <span class='ocrx_word' id='word_1_335' title='bbox 641 3773 680 3814; x_wconf 88' lang='lat' dir='ltr'><strong>est</strong></span> <span class='ocrx_word' id='word_1_336' title='bbox 690 3767 742 3816; x_wconf 87' lang='lat' dir='ltr'><strong>De·</strong></span> <span class='ocrx_word' id='word_1_337' title='bbox 781 3765 878 3814; x_wconf 77' lang='lat' dir='ltr'><strong>totidem</strong></span> <span class='ocrx_word' id='word_1_338' title='bbox 885 3764 1108 3826; x_wconf 84' lang='lat' dir='ltr'><strong>mocdcprccorr&#39;lli.</strong></span> <span class='ocrx_word' id='word_1_339' title='bbox 1124 3763 1316 3816; x_wconf 81' lang='lat' dir='ltr'><strong>Assiduercrars</strong></span> 
     </span>
     <span class='ocr_line' id='line_1_37' title="bbox 216 3837 1167 3905; baseline 0.004 -17"><span class='ocrx_word' id='word_1_340' title='bbox 216 3839 320 3902; x_wconf 86' lang='lat' dir='ltr'><strong>precari</strong></span> <span class='ocrx_word' id='word_1_341' title='bbox 340 3839 452 3901; x_wconf 86' lang='lat' dir='ltr'><strong>proprie.</strong></span> <span class='ocrx_word' id='word_1_342' title='bbox 490 3837 583 3903; x_wconf 88' lang='lat' dir='ltr'><strong>ltaque</strong></span> <span class='ocrx_word' id='word_1_343' title='bbox 605 3845 677 3889; x_wconf 89' lang='lat' dir='ltr'><strong>recte</strong></span> <span class='ocrx_word' id='word_1_344' title='bbox 699 3856 742 3890; x_wconf 86' lang='lat' dir='ltr'><strong>ve·</strong></span> <span class='ocrx_word' id='word_1_345' title='bbox 781 3841 1038 3905; x_wconf 77' lang='lat' dir='ltr'><strong>dirpcrccmnist&#39;anto.</strong></span> <span class='ocrx_word' id='word_1_346' title='bbox 1065 3841 1167 3892; x_wconf 90' lang='lat' dir='ltr'><strong>Passer.</strong></span> 
     </span>
     <span class='ocr_line' id='line_1_38' title="bbox 217 3912 743 3978; baseline 0.008 -16"><span class='ocrx_word' id='word_1_347' title='bbox 217 3921 285 3964; x_wconf 86' lang='lat' dir='ltr'><strong>teres</strong></span> <span class='ocrx_word' id='word_1_348' title='bbox 296 3914 381 3964; x_wconf 76' lang='lat' dir='ltr'><strong>Latini</strong></span> <span class='ocrx_word' id='word_1_349' title='bbox 397 3912 517 3964; x_wconf 87' lang='lat' dir='ltr'><strong>dicebaut</strong></span> <span class='ocrx_word' id='word_1_350' title='bbox 528 3913 667 3978; x_wconf 85' lang='lat' dir='ltr'><strong>deprecari</strong></span> <span class='ocrx_word' id='word_1_351' title='bbox 677 3930 692 3966; x_wconf 92' lang='lat' dir='ltr'><strong>a</strong></span> <span class='ocrx_word' id='word_1_352' title='bbox 702 3929 743 3966; x_wconf 87' lang='lat' dir='ltr'><strong>cn-</strong></span> 
     </span>
    </p>
   </div>
   <div class='ocr_carea' id='block_1_7' title="bbox 0 0 1398 4702">
    <p class='ocr_par' dir='ltr' id='par_1_8' title="bbox 0 0 1398 4702">
     <span class='ocr_line' id='line_1_39' title="bbox 0 0 1398 4702; baseline 0 0"><span class='ocrx_word' id='word_1_353' title='bbox 0 0 1398 4702; x_wconf 95' lang='lat' dir='ltr'><strong> </strong></span> 
     </span>
    </p>
   </div>
  </div>
 </body>
</html>
