2774 4702
551 318 796 368 casuruorun.
1179 309 1224 374 27

116 463 235 528 oribus
272 461 413 545 setabis,
443 461 671 526 duriusculum
707 481 743 525 se
773 462 864 540 lecit,
899 464 1057 549 quoniam
1089 467 1225 533 volebat

116 564 280 630 aestimari
296 583 338 629 ea
351 583 373 629 a
387 563 576 629 Veraniolis
593 567 714 629 suiset
732 563 907 630 Fabullis.³

1247 565 1295 589 s

418 732 531 811 ,Idem
543 735 600 800 lib.
616 750 760 803 xxvur.
784 755 858 820 cop.
874 736 907 802 2.
1044 775 1049 783 ·

162 870 256 935 Hinc
270 871 439 938 Theocriti
454 870 545 954 apud
558 866 711 949 Graecos,
725 869 848 937 Catulli
863 873 954 955 apud
967 892 1039 952 nos,
1051 875 1221 958 proxime·
1305 918 1342 944 s

118 993 185 1059 que
197 973 343 1057 Virgilii,
358 975 687 1040 Incantamentorum
702 975 866 1039 amatoria
881 975 1040 1041 imitatio.

435 1144 531 1216 Idem
542 1145 601 1209 lib.
618 1160 762 1210 xxxvi.
786 1165 862 1229 cap.
877 1146 909 1212 6.

161 1279 233 1345 Hic
246 1297 391 1362 namque
403 1283 454 1342 est
466 1277 640 1343 Mamurra
654 1277 777 1344 Catulli
792 1278 996 1345 Veronensis
1016 1281 1221 1346 carminibus

117 1382 324 1466 proscissus,
347 1398 458 1460 quem,
472 1384 510 1443 ut
533 1399 586 1443 res
608 1388 672 1459 est,
694 1380 813 1445 domus
834 1381 941 1465 ipsius
963 1382 1099 1461 clarius,
1122 1403 1221 1468 quam
1258 1398 1293 1424 ‘s

118 1482 287 1558 Catullus,
302 1481 390 1546 dixit
403 1482 536 1559 habere,
552 1481 713 1565 quicquid
725 1481 894 1548 habuisset
906 1488 1037 1548 comata
1051 1485 1192 1550 Gallia.4

444 1650 539 1716 Idem
553 1650 611 1715 lib.
627 1650 747 1716 eodem
760 1671 836 1736 cap.
851 1652 904 1718 21.

162 1787 228 1851 Sed
243 1793 279 1850 et
293 1786 320 1851 ii
338 1783 501 1869 pumices,
523 1786 581 1869 qui
602 1791 679 1851 sunt
700 1785 734 1849 in
754 1804 818 1850 usu
833 1805 1010 1870 corporum
1030 1786 1222 1870 levigando-

118 1909 191 1954 rum
211 1888 369 1965 foeminis,
385 1886 457 1972 jam
479 1886 619 1969 quidem
640 1892 673 1951 et
695 1886 790 1965 viris,
806 1893 920 1972 atque,
936 1894 974 1952 ut
996 1889 1044 1952 ait
1060 1887 1221 1967 Catullus,
1264 1975 1287 1982 ν

119 1991 239 2055 libris.⁵

429 2158 522 2224 Idem
535 2158 593 2223 liu.
610 2175 772 2224 xxxvu.
795 2179 871 2244 cap.
886 2160 919 2227 6.

162 2295 340 2380 Siquidem
354 2300 451 2361 extat
470 2294 638 2378 hodieque
658 2294 760 2379 hujus
782 2296 912 2377 generis
934 2313 1073 2378 gemma,
1088 2299 1223 2379 propter

119 2418 222 2481 quam
245 2398 288 2462 ab
317 2396 464 2463 Antonio
497 2397 707 2480 proscriptus
730 2395 865 2462 Nonius
887 2397 1028 2462 Senator
1051 2403 1115 2475 est,
1129 2397 1222 2461 filius

119 2501 264 2565 Sturmae
288 2498 391 2563 Nonii
411 2498 496 2582 ejus,
514 2518 613 2583 quem
633 2497 791 2563 Catullus
814 2497 922 2564 Poeta
944 2499 979 2562 in
1005 2499 1090 2563 sella
1113 2498 1223 2564 curuli

118 2596 492 2684 visumindignetulit.⁶
908 2579 934 2697 ν
1260 2609 1299 2624 ““

383 2769 511 2834 Plinius
527 2767 648 2835 iunior
660 2767 720 2832 lib.
739 2784 764 2832 1.
787 2765 896 2850 Epist.
911 2767 968 2882 16.Ι

165 2906 264 2971 Facit
272 2923 390 2971 versus
400 2902 587 2990 (Pompeius
600 2897 817 2986 Saturninus),
828 2902 943 2985 quales
953 2900 1108 2968 Catullus
1117 2924 1223 2982 meus,

121 3017 180 3075 aut
195 3008 334 3073 Calvus.
368 3005 535 3085 Quantum
551 3004 619 3069 illis
634 3003 772 3088 leporis,
783 3001 981 3083 dulcedinis,
993 3005 1223 3069 amaritudinis

121 3111 259 3177 inserit!
297 3110 400 3186 Saue,
423 3108 483 3173 sed
504 3107 584 3172 data
603 3126 717 3190 opera,
740 3105 981 3183 molliusculos,
1003 3106 1224 3171 leviusculos·

122 3233 200 3297 que,
227 3211 440 3276 duriusculos
463 3209 649 3294 quosdam:
670 3215 705 3274 et
727 3209 794 3274 hoc
818 3206 917 3291 quasi
939 3205 1097 3272 Catullus
1119 3226 1223 3286 mens,
1259 3287 1283 3318 s

121 3319 181 3380 aut
195 3312 332 3379 Calvus,

188 3484 282 3550 Idem
297 3484 354 3548 lib.
371 3499 421 3548 ιν.
443 3481 551 3566 Epist.
566 3482 618 3547 14.
633 3482 774 3566 loquens
791 3479 833 3545 de
848 3478 1168 3563 Hendecasyllabis.

166 3618 302 3684 Scimus
327 3617 465 3701 alioqui,
492 3618 595 3703 hujus
621 3617 775 3702 opusculi
801 3617 893 3683 illam
918 3636 995 3683 esse
1015 3614 1223 3682 verissimam

120 3723 238 3804 legem,
252 3738 353 3804 quam
368 3719 520 3785 Catullus
542 3720 727 3803 expressit:
761 3719 875 3786 ‘Nam
890 3726 1021 3785 castum
1035 3737 1111 3784 esse
1126 3715 1223 3779 decet

121 3823 217 3908 pium
231 3820 367 3904 politam
382 3820 522 3906 Ipsum,'
536 3825 611 3888 &ca
698 3886 702 3894 ,

618 4008 724 4061 NOTAE

154 4115 167 4147 ³
187 4115 482 4166 Videcarm.1.etx11.
726 4112 736 4144 ⁵
756 4113 841 4162 cmm.
853 4124 871 4160 1.
884 4114 910 4158 et
924 4121 995 4159 xxrr.

152 4195 168 4228 ⁴
183 4192 361 4243 Carmxxrx.
724 4187 737 4222 ⁶
755 4189 840 4238 Carm.
852 4199 902 4238 ιιι.
998 4183 1188 4237 leumiim.
