2774 4702
138 287 161 351 8
588 308 795 356 russeum.

140 444 329 526 affirmavit,
344 445 503 513 Aldinam
517 449 695 515 secundam
718 439 857 532 prorsus
878 467 1003 513 novam
1024 468 1100 514 esse
1121 469 1241 515 recen»

141 547 284 613 sionem.
327 548 414 632 Ipsa
426 568 561 633 qnoque
576 550 721 616 continet
730 550 1017 634 interpolationes,
1031 555 1082 631 (ut
1095 551 1242 617 Pontani

143 648 257 715 Curru.
273 664 300 715 1.
311 651 345 717 9.
357 651 562 736 aliorumque
578 651 688 718 Carm.
705 668 845 717 xxxvi.
860 649 910 736 3.)
921 659 957 717 et
971 657 1101 717 textum
1114 648 1241 734 prioris

140 749 299 832 alnum
320 751 399 817 vide
414 750 524 817 Carm.
540 768 637 817 xvn.
653 754 685 820 3,
711 770 795 820 xiv.
813 769 882 818 xx.
918 751 1063 821 Aldinae
1078 773 1156 818 vero
1170 752 1243 819 edi-

138 852 263 932 tiones,
277 870 356 937 quea
377 871 446 918 non
472 866 627 937 magnam
650 854 773 920 babent
796 854 1036 932 auctoritatem,
1060 853 1125 919 viri
1149 853 1242 920 docti

140 953 334 1020 recentioris
361 955 429 1020 aevi
456 955 491 1019 in
518 955 673 1039 pluribus
700 956 813 1021 secuti
838 961 929 1030 sunt,
952 954 1012 1018 alii
1033 955 1243 1021 auctoritatis
1318 973 1321 978 ·

134 1055 255 1139 specie
268 1054 411 1139 decepti,
423 1054 483 1122 alii
494 1056 586 1121 nulla
599 1055 808 1121 dubitatione
833 1056 1009 1136 commoti3
1031 1057 1122 1123 unde
1134 1057 1244 1122 maxi-

140 1174 208 1233 ma,
224 1155 355 1239 opinor,
369 1157 572 1240 negligentia
586 1160 826 1241 exemplarium
840 1163 932 1221 nata.
976 1156 1024 1222 Ut
1037 1156 1243 1222 difficultatis

141 1256 400 1339 explicationem
421 1258 596 1335 evitarent,
618 1258 763 1322 editores
782 1275 876 1339 saepe
899 1263 1120 1320 correctorum
1134 1276 1244 1340 nugas

141 1358 290 1441 recipcre
300 1359 497 1437 maluerunt,
507 1378 609 1442 quam
618 1358 755 1423 codices
765 1359 948 1435 consulere,
960 1364 997 1421 et
1007 1356 1244 1439 investiganda

142 1476 223 1525 vera
240 1458 384 1524 lectione
406 1457 538 1523 sudare.
581 1458 660 1523 Non
682 1460 801 1540 ignoro
825 1459 944 1523 merita
965 1457 1245 1523 virorumdocto·

142 1579 215 1623 rum
239 1558 281 1625 de
305 1560 508 1645 quibusdam
533 1558 659 1625 Catulli
679 1561 784 1640 loeis;
812 1561 926 1635 immo,
949 1559 980 1623 si
1000 1559 1114 1643 plures
1134 1559 1245 1627 critici

143 1660 238 1737 tales,
252 1662 369 1744 quales
382 1662 563 1726 eruditione
581 1662 747 1740 Muretus,
771 1661 908 1725 assidua
933 1660 1102 1742 diligentia
1115 1659 1245 1725 Statius

143 1761 218 1837 fuit,
234 1760 402 1826 Catullum
417 1767 600 1839 curassent,
622 1779 697 1843 nos,
723 1765 816 1844 puto,
837 1761 1036 1845 jamdudum
1059 1760 1246 1840 legeremus

144 1859 300 1926 Carmina
320 1860 497 1926 emendata
518 1881 559 1925 ac
585 1867 757 1942 correcta;
779 1880 842 1925 nec
863 1880 917 1925 me
935 1861 1033 1943 fugit,
1049 1862 1245 1925 varietatem

143 1962 298 2027 lectionis
320 1982 340 2026 e
362 1961 537 2027 codicibus
559 1963 659 2026 bonae
681 1967 774 2026 notae
795 1962 930 2026 allatam
952 1961 1045 2045 apud
1059 1961 1245 2038 Muretum,

144 2064 361 2146 Scaligerum,
385 2065 538 2142 Statium,
552 2062 715 2128 Vossium
737 2070 771 2128 et
791 2063 875 2127 alios
897 2062 1059 2141 inveniri;
1081 2068 1191 2127 tamen
1215 2063 1247 2126 si

144 2165 293 2231 editores
315 2166 522 2248 collegissent
549 2184 663 2229 omnes
692 2164 769 2229 illas
798 2163 974 2241 lectiones,
995 2182 1064 2227 una
1086 2183 1163 2227 cum
1187 2164 1244 2248 iis,

146 2285 233 2348 quas
248 2264 423 2344 Columna,
447 2257 630 2343 FruteriuS,
653 2264 781 2346 aliique
807 2269 1076 2340 commemorant,
1091 2283 1197 2347 neque
1212 2264 1250 2328 in

146 2368 249 2431 verba
271 2367 422 2449 magistri
440 2366 626 2451 jurassent,
652 2367 792 2451 plurima
814 2372 928 2430 essent
950 2371 1069 2430 sauata
1083 2371 1186 2447 atquo
1202 2363 1248 2428 ad

144 2466 367 2532 sinceritatem
392 2487 490 2532 snam
512 2469 663 2534 reducta.
708 2466 757 2531 At
779 2464 909 2531 nonita
931 2464 1146 2550 illisplacuit·
1190 2463 1248 2526 Ex

147 2587 214 2651 quo
227 2568 313 2637 onim
330 2569 478 2651 Scaliger
493 2569 663 2649 Muretum
683 2568 790 2646 laude,
805 2587 872 2652 qua
886 2567 1006 2649 dignus
1017 2572 1104 2653 erat,
1116 2583 1249 2630 summa

145 2657 297 2734 fraudare
324 2670 543 2749 sustinuerat,
571 2678 616 2748 et,
646 2668 713 2736 sibi
743 2688 871 2750 suoque
899 2668 1031 2747 ingenio
1058 2666 1248 2743 confidens,

146 2770 248 2834 Statii
259 2771 511 2832 commentarios
533 2771 699 2850 inspicere
723 2785 791 2829 nou
814 2784 932 2848 ,operae
948 2765 1091 2847 pretium
1106 2773 1250 2850 putare·

119 2936 123 2943 ,
146 2875 211 2946 rat,
226 2868 285 2933 alii
298 2868 356 2949 qui
369 2886 445 2930 eum
471 2868 707 2950 sequebantur,
731 2885 827 2948 spem
854 2864 978 2929 Cobilli
1002 2866 1182 2949 aliquando
1197 2889 1250 2932 re-

146 2969 304 3037 stituendi
330 2987 461 3033 omnem
484 2968 673 3033 amiserunt.
716 2965 823 3050 Atqui
849 2963 1044 3030 Aenianes
1067 2967 1250 3048 suimus,

148 3090 246 3156 quem
261 3089 331 3155 prae
345 3068 516 3135 nonnullis
537 3069 759 3134 recentiorum
785 3066 940 3132 admirari
962 3066 1069 3144 soleo,
1083 3087 1252 3134 commen-

119 3207 122 3213 ·
149 3158 271 3237 tarium
286 3171 424 3255 scripsit
445 3190 490 3234 ex
513 3169 668 3234 omnibus
688 3168 786 3249 longe
807 3168 1133 3250 praestantissimum,
1148 3176 1184 3232 et
1205 3173 1252 3236 ob

152 3273 338 3338 doctrinam
353 3277 454 3356 atque
467 3269 692 3347 eruditionem,
713 3287 781 3351 qua
805 3268 968 3350 plurimos
989 3268 1087 3333 locos
1102 3270 1155 3334 vel
1177 3289 1253 3336 car-

147 3375 294 3442 minibus
310 3373 448 3437 aliorum
462 3369 596 3436 collatis
612 3368 668 3435 vel
694 3367 826 3433 dicendi
841 3387 904 3432 usu
918 3368 1143 3434 demonstrato
1158 3372 1253 3437 illus-

150 3474 262 3551 travit,
279 3479 314 3538 ct
326 3473 473 3538 maxime
487 3473 531 3536 ob
547 3472 745 3538 varietatem
756 3460 913 3534 lectionis
928 3469 1098 3551 diligenter
1112 3481 1253 3538 annota-

150 3582 219 3641 tam
230 3595 249 3640 e
262 3572 377 3639 decem
392 3573 576 3638 codicibus.
628 3572 774 3637 Textum
788 3569 880 3652 quod
903 3571 1029 3648 attinet,
1046 3571 1175 3637 Statius
1189 3572 1255 3639 Al·

151 3675 277 3752 dinam,
293 3693 391 3756 quam
405 3672 593 3755 saepissime
608 3676 857 3747 commemorat,
870 3667 964 3755 (vide
977 3668 1088 3735 Carm-
1104 3688 1255 3743 xxxiv,

150 3777 184 3842 3.
201 3790 281 3840 uxr.
295 3773 351 3838 23.
365 3773 422 3838 all.
436 3769 488 3856 11.)
498 3790 566 3834 non
579 3789 734 3854 peraeque
748 3776 785 3836 ut
799 3775 930 3853 poterat
942 3773 1096 3852 correxit,
1110 3777 1255 3842 nonnul-

150 3878 196 3943 lis
210 3882 323 3942 tnmen
335 3875 369 3939 in
381 3873 467 3939 locis
482 3871 636 3938 codicum
658 3871 833 3939 lectionem
858 3874 1043 3952 revocavit,
1058 3881 1093 3938 et
1106 3877 1255 3960 plurima

153 3978 298 4044 aliorum
326 3975 416 4042 curis
440 3973 583 4057 reliquit.
627 3973 707 4056 Ipse
729 3972 774 4037 de
797 3991 834 4037 se
855 3973 916 4050 ita,
936 3975 1000 4038 ‘ln
1018 3976 1178 4058 optimis:
1204 3982 1257 4046 ait

154 4085 205 4165 (p.
232 4075 336 4164 232),
353 4074 590 4154 ‘emendandis
607 4074 802 4140 auctoribus
831 4074 902 4139 siue
930 4080 1079 4141 veterum
1095 4079 1256 4148 subsidio
