2774 4702
501 293 659 342 canaan
684 293 805 342 nxvrr.
1137 281 1204 349 263

151 437 495 529 δοάιάθΡοεῐΙιωηίο,
510 437 959 520 etCornellnarratamore,
1160 443 1206 508 35

194 539 278 603 Cum
292 540 412 622 quibus
427 541 485 604 illa
498 540 623 604 malum
635 540 716 606 fecit
728 542 937 607 adulterium.

151 641 284 705 Dixerit
297 641 351 705 hic
367 641 509 723 aliquis:
534 642 602 720 Qui
617 647 653 706 tu
667 642 797 723 islhoec,
808 644 926 728 Janua,
943 643 1045 720 nosti,

136 825 139 829 Ι
194 740 284 818 Quoi
298 762 470 825 nunquam
484 743 610 808 domini
624 743 736 808 limine
751 746 870 810 abessa
884 745 977 822 licet,

152 840 225 905 Nec
238 843 397 925 populum
413 845 625 909 auscultare:
648 838 709 909 sed
721 836 799 910 hnic
814 845 934 910 suffixa
947 845 1053 928 tigillo

192 942 336 1009 Tantum
349 948 476 1029 operire
490 946 588 1024 soles,
603 951 662 1012 aut
677 948 803 1031 aperire
817 946 975 1011 domnml
1161 948 1204 1011 40

151 1044 252 1125 Saepe
266 1043 359 1108 illam
373 1045 488 1110 audivi
502 1046 627 1110 furtiva
641 1065 724 1110 voce
737 1048 926 1130 loquentem

196 1146 309 1209 Solam
323 1164 399 1209 oum
414 1146 546 1211 ancillis
559 1147 633 1211 haec
648 1165 712 1210 sna
726 1146 866 1229 flagitia,

157 1246 302 1312 Nomine
317 1246 497 1325 dicentem,
512 1266 596 1330 qnos
610 1247 776 1312 diximus:
798 1252 915 1330 utpote
931 1266 1008 1329 quaa
1022 1247 1068 1310 mi

194 1349 352 1432 Speraret
364 1367 425 1411 nec
440 1349 586 1431 linguam
600 1370 690 1428 essa,
704 1369 766 1413 nec
780 1349 974 1414 auriculam.

153 1450 323 1515 Praeterea
336 1447 482 1513 addebat
495 1450 669 1533 quendam,
685 1469 784 1533 quem
799 1449 911 1514 dicere.
921 1450 1000 1513 nolo
1022 1464 1024 1471 ’
1165 1449 1209 1512 to

195 1551 353 1627 Nomine,
368 1569 409 1614 nc
425 1549 522 1614 tollat
536 1550 638 1613 rubra
651 1548 838 1631 supercilia.

108 1750 184 1798 rssltn
194 1746 268 1807 refert
279 1748 309 1795 de
319 1745 459 1795 Postlsnsn‘u
470 1751 493 1796 et
503 1748 533 1796 de
554 1747 660 1796 cmlii
676 1745 804 1808 ammius,
820 1745 953 1809 qnidam
971 1744 1060 1807 puelle
1077 1745 1139 1794 luera
1149 1756 1208 1793 mss

109 1819 179 1876 tsrpr
189 1811 305 1860 amarint
314 1809 464 1859 adeundam.
498 1809 550 1860 Sed
561 1812 614 1873 qais
624 1809 712 1861 forsan
723 1811 863 1874 reposuerit,
875 1811 995 1866 Quomodo
1004 1808 1156 1870 mejana,
1167 1808 1212 1858 sua

109 1876 240 1937 censuisti
252 1873 346 1935 omnia,
357 1874 396 1922 cas'
406 1889 519 1936 sumnum
529 1873 573 1934 fus
582 1880 618 1923 est
630 1877 735 1924 deserere
753 1874 840 1923 ostiam
850 1875 903 1923 lteri
920 1873 959 1923 tui
971 1889 978 1933 ;
995 1887 1047 1935 qun
1057 1886 1131 1935 sepse
1144 1875 1211 1935 psus

108 1940 191 2002 populi
201 1952 318 1988 messes
328 1938 425 1986 audire:
442 1940 483 1986 sed
491 1953 549 2002 quae
558 1939 612 1987 istis
621 1953 714 1988 caman
722 1938 840 2001 mnibus,
850 1939 991 1987 eremmon
1001 1935 1140 1986 eusanius·
1150 1935 1214 1984 elass-

110 2005 166 2051 ‹ters
176 2007 217 2050 nat
227 2014 333 2050 reserare
343 1998 423 2051 cedes?
457 2001 605 2064 Frequenter
622 2003 687 2051 illum
696 2003 798 2064 puellum
813 2002 943 2050 monitum
958 2002 1029 2049 solnm
1050 2000 1102 2049 suis
1120 1998 1214 2047 aditis

109 2070 251 2114 muntem
260 2065 307 2113 ista
318 2079 361 2112 suo
371 2065 469 2124 melaro,
479 2070 503 2112 et
513 2066 607 2114 romisr
616 2071 737 2115 mntem
747 2078 800 2128 eos,
809 2081 865 2128 psus
875 2065 946 2115 retuli
956 2081 966 2122 ,·
982 2064 1065 2128 quippe
1074 2078 1126 2125 psa
1135 2063 1213 2112 crede·
1287 2116 1290 2120 ⁴

110 2134 149 2177 ret
159 2143 196 2176 sus
203 2143 275 2191 upra
285 2128 391 2188 lingnam
400 2141 474 2190 nepae
483 2143 551 2177 aures
561 2129 651 2180 talne.
686 2130 787 2191 Insuper
794 2129 842 2191 his,
853 2143 916 2193 qnos
926 2128 1066 2190 nominari,
1081 2126 1213 2190 quempian

110 2191 264 2254 adjungebat,
274 2206 342 2253 quem
350 2206 396 2240 ron
406 2192 457 2239 solo
468 2191 597 2255 rennuere,
607 2193 714 2243 seruire
726 2193 813 2257 efferet
823 2192 958 2255 supercilio.
997 2192 1042 2242 Vir
1049 2195 1082 2240 est
1092 2203 1212 2253 procera

570 2300 749 2320 mmm

115 2368 146 2414 36
165 2363 284 2413 Postumii
294 2362 320 2411 in
337 2364 479 2413 nonnullis:
503 2364 612 2414 Postumi
618 2364 637 2426 ’,
650 2371 674 2414 et
687 2367 790 2416 Corneli’
802 2367 828 2416 in
840 2367 926 2419 Grau.
954 2368 1076 2417 Nostram
1088 2365 1149 2416 lect.
1160 2379 1214 2415 ser·

112 2434 176 2477 rant
186 2428 275 2477 omnes
284 2427 360 2477 codd.
371 2442 428 2476 cum
441 2427 502 2477 edd.
513 2428 581 2480 scal.
590 2429 688 2491 Delon.
701 2430 778 2479 Voss.
789 2431 868 2493 anp.
879 2444 954 2479 suun.
962 2431 1022 2494 Bip.
1035 2430 1166 2479 aliia-st
1181 2428 1215 2478 ln

112 2492 181 2540 Stat.
199 2490 276 2539 codd.
295 2491 362 2547 Quid
379 2496 406 2539 tu
421 2492 577 2540 mnan—³8
594 2492 626 2541 In
636 2494 710 2541 Voss.
728 2493 755 2541 ll.
772 2494 920 2542 melioribus
932 2494 1023 2542 Dicam
1038 2493 1213 2550 limisavoss.

112 2553 237 2617 intelligit
254 2554 368 2603 Penates
387 2553 429 2604 vel
444 2556 597 2604 Lares-³9
614 2556 728 2608 Instat.
745 2555 821 2605 codd.
832 2559 882 2606 ltoec
891 2558 1049 2621 saffica—42
1067 2554 1099 2603 In
1110 2552 1185 2603 men.
1195 2555 1213 2603 l.

110 2617 193 2667 Solum
208 2632 260 2666 cum
277 2617 383 2666 ementis
391 2633 401 2675 ,-
423 2618 450 2665 ln
466 2618 538 2666 Bria.
561 2617 674 2678 Carinis,
693 2619 761 2680 quod
778 2620 830 2682 legi
837 2620 917 2682 jubet
932 2620 1007 2669 Voss.
1031 2620 1058 2667 in
1075 2617 1135 2668 edd.
1147 2623 1213 2668 vett.

111 2681 193 2731 &lust
203 2680 318 2742 emittis,
327 2687 357 2730 ut
373 2681 425 2743 legi
440 2681 521 2744 jussit
533 2677 631 2729 Arent.
642 2679 710 2728 unde
721 2680 753 2731 Ρ.
765 2682 868 2731 Manat.
884 2681 1015 2743 emseirls's,
1025 2695 1101 2746 qusrn
1112 2682 1215 2732 emend.

111 2746 162 2794 sibi
172 2744 287 2793 vindieat
297 2744 365 2795 Scal.
383 2751 412 2793 et
430 2751 599 2807 reposuerunt
611 2743 702 2793 (ἔνων.
714 2743 790 2794 Cant.
803 2752 831 2794 et
845 2744 887 2796 ad.
899 2760 975 2795 anon.
1002 2747 1076 2795 Lect.
1088 2753 1214 2807 nostram,

107 2809 163 2873 jam
175 2809 201 2856 in
212 2806 306 2870 Delph.
317 2809 377 2872 Bip.
394 2808 458 2857 alias
469 2813 613 2870 receptam,
630 2812 761 2858 testantur
772 2809 841 2860 Stat.
853 2815 881 2860 et
892 2810 994 2860 Marcii.
1005 2809 1145 2859 cudda-tt
1162 2809 1216 2858 Nec

112 2876 192 2934 speret
201 2871 306 2934 lingum
317 2872 344 2920 in
359 2870 511 2936 quibusdam
522 2869 582 2919 eddr
596 2877 661 2921 vett.
691 2871 774 2936 Sperat
785 2889 826 2933 ree
837 2874 942 2936 dmum
953 2874 980 2922 in
991 2874 1051 2924 Pst.
1061 2887 1085 2923 c.
1095 2878 1123 2922 et
1134 2873 1215 2922 omnl-

112 2935 161 2985 bns
171 2936 238 2984 Stat.
263 2937 314 2983 Nec
334 2935 440 2996 linguam
461 2940 538 2998 speret
558 2934 633 2983 dedit
648 2935 718 2984 Scsl.
738 2936 783 2985 sed
799 2951 885 3002 nequa
899 2938 1020 2988 Vossinm
1036 2951 1120 3001 neque
1133 2937 1214 3000 Vulp.

112 2999 198 3048 hiatus
218 3003 276 3060 post
291 2998 397 3058 linguam
407 2996 525 3048 offendit.
558 2998 633 3048 Lect.
652 3007 740 3047 nostra
751 2999 862 3051 debetur
874 3002 1004 3064 Pontano,
1020 3010 1047 3052 et
1058 3006 1215 3064 receptaest

113 3062 142 3111 in
153 3061 213 3112 Ain.
221 3061 292 3111 acal.
310 3061 398 3111 Groev.
410 3061 506 3123 Delph.
519 3056 561 3111 ed.
573 3075 651 3111 anon.
663 3063 723 3127 Bip.
734 3064 872 3114 κῆαι-45
890 3065 923 3114 ln
934 3065 994 3115 edd.
1010 3072 1075 3116 vett.
1101 3065 1216 3123 ardebam

607 3190 633 3240 N
636 3190 715 3241 0¹1¹AE

108 3300 182 3363 jugis
192 3308 347 3366 prospectus
358 3302 413 3366 peti
424 3307 520 3366 potest,
531 3301 644 3365 licetque
684 3302 725 3350 vel
738 3302 806 3366 qnod
819 3302 880 3351 inde
894 3303 1024 3352 Veronam
1038 3301 1123 3352 coloni
1140 3303 1215 3352 multi

112 3375 185 3426 illinc
195 3377 271 3441 longe
283 3379 386 3442 lateque
398 3377 536 3440 speculari.
683 3377 905 3439 commigrassent,
913 3377 956 3425 vel
968 3374 1036 3441 qnod
1053 3376 1147 3425 Brixia
1157 3375 1215 3424 Me·

147 3454 179 3499 ³³
197 3449 308 3502 Homine
318 3453 398 3516 Mela]
418 3453 490 3501 Mela
500 3450 593 3502 fluvius
602 3457 645 3502 est
684 3452 791 3515 tropolis
803 3458 872 3500 esset
884 3451 1108 3514 Cenomanorum,
1118 3451 1144 3499 in
1155 3449 1210 3514 qui·

115 3525 209 3576 Gallim
227 3527 421 3593 Transpadana
438 3543 484 3578 seu
496 3521 645 3593 longobar·
682 3525 730 3576 bus
741 3526 907 3579 estVerona.

115 3601 164 3651 dlae
177 3609 223 3651 sut
233 3603 350 3666 inmitia,
361 3605 405 3668 qni
417 3619 448 3652 ex
460 3606 564 3655 Brenno
574 3618 644 3655 mon·
715 3604 748 3650 ta
764 3600 845 3650 Solum
855 3616 907 3650 carn
923 3601 1029 3665 απιὶαίε]
1047 3601 1100 3651 Alii
1116 3601 1217 3666 legunt,

115 3685 142 3726 te
153 3683 226 3727 nrtns
237 3679 355 3728 Brixiam
371 3679 505 3730 civitatem
517 3681 601 3744 alluit,
612 3679 644 3729 de
683 3678 940 3741 anconitanum
948 3687 1097 3731 correctore
1104 3695 1112 3741 ;
1119 3677 1165 3729 sed
1173 3684 1217 3728 re'·

115 3767 167 3816 qno
177 3753 273 3817 Virgil.
285 3754 312 3802 in
325 3755 422 3819 Georg.
439 3754 509 3806 ‘Ant
520 3770 599 3805 curra
609 3756 645 3806 le·
684 3756 806 3805 tustinres
814 3755 918 3806 codices
926 3757 1024 3807 habent
1037 3756 1137 3819 ancillis,
1146 3753 1217 3819 quod

115 3835 183 3891 gunt
194 3843 276 3893 prope
287 3828 393 3879 flumina
403 3829 502 3881 Mela!
686 3830 789 3894 quidem
808 3831 868 3881 hnic
887 3832 945 3880 loco
960 3828 1068 3880 mirifica
1086 3827 1216 3878 convenit.

148 3905 181 3952 ³4
201 3902 309 3966 Versae]
325 3904 448 3968 Ejusdem
462 3905 539 3955 etlam
550 3904 645 3955 Gslllae
687 3904 797 3956 Ancillis
809 3905 879 3954 enim
896 3904 1029 3954 libidinum
1048 3902 1161 3951 omnium
1172 3901 1218 3951 sd·

114 3978 311 4043 Transpadana
334 3981 436 4041 civitas,
453 3980 535 4030 nostri
551 3979 648 4031 Catulli
687 3981 811 4033 ministris
836 3980 876 4030 nti
902 3979 1019 4042 dominas
1046 3976 1219 4038 consuevlsse,

117 4053 221 4116 pstris3
244 4055 319 4118 cnjus
337 4062 421 4106 mater
437 4055 533 4105 dicitur
547 4054 648 4119 Brixia,
687 4049 1218 4116 multsPlsnti,’libnlli,Ovidil,Proper-

118 4129 160 4177 rel
171 4128 241 4193 qnod
253 4135 321 4179 esset
331 4131 434 4181 Verona
444 4131 502 4195 ipss
512 4130 647 4193 uetustior,
688 4130 728 4193 rii,
756 4128 913 4192 aliorumque
934 4125 1088 4176 'testimonis
1115 4125 1219 4188 docent,
