2774 4702
552 318 727 369 -onausu
753 320 807 368 rx.
1198 308 1241 372 59

140 460 213 508 Scai.
231 458 334 518 Navio,
354 463 399 507 ent
415 457 575 519 Andronico,
591 473 667 524 quern
683 461 790 517 ¹Catullo
808 461 925 525 dignior:
943 461 988 512 aiii
998 477 1066 514 corr.
1079 465 1113 514 At
1123 470 1158 527 trs,
1171 467 1200 514 C.
1213 466 1242 513 de

138 525 292 572 ululantes:
305 522 358 584 alii,
369 523 403 572 At
411 526 447 586 tn,
457 524 486 572 C.
496 524 524 572 de
535 523 588 574 old.
616 523 668 573 Hic
679 538 768 574 versus
778 525 853 576 deest
864 527 889 576 in
899 524 1046 577 Gratiana.

636 671 747 722 Now

171 787 205 831 18
221 782 453 846 manumittis]
470 783 619 834 Henetiam
630 793 671 835 est
714 800 800 836 morsa
822 786 948 850 potuinet
967 785 1111 837 discedere.
1153 787 1240 837 Plaut.

138 861 165 906 in
185 858 326 907 amantium
343 858 451 916 deliciis,
470 859 562 910 labella
584 860 671 910 morsi·
713 861 808 912 Pseud.
826 861 1055 926 ‘compressiones
1066 867 1145 912 aretae
1157 877 1242 912 ernau·

138 932 240 981 runculis
260 933 406 997 stringere3
429 934 499 984 uude
518 936 596 986 Flora
615 935 669 1000 iila,
713 936 1031 1002 tnmcompares‚Teneris
1042 937 1240 991 labellismoiies

138 1008 182 1056 cui
193 1022 251 1055 curu
260 1008 308 1056 Cn.
317 1008 444 1072 Pompeio
456 1011 524 1074 epnd
536 1010 668 1063 Plutarch.
712 1012 908 1063 morsiuncuire!
952 1014 1046 1063 Horat.
1074 1013 1156 1064 ‘Sine
1177 1030 1242 1078 puer

136 1084 224 1147 stupri
246 1078 407 1134 cdnsuetndo
429 1091 494 1146 erat,
515 1100 574 1136 eum
601 1102 670 1138 com·
709 1086 799 1139 furens
816 1088 952 1153 Impressit
967 1090 1240 1140 memoremdentela-

138 1158 290 1220 meudabat,
301 1158 370 1224 quod
380 1173 511 1225 uunquam
527 1160 559 1211 ab
577 1177 608 1213 eo
620 1177 671 1213 uon
710 1164 763 1214 brie
774 1171 878 1216 noane

477 1696 480 1705 ¹
537 1751 746 1819 GARMEN
769 1754 841 1820 IX.

537 1939 589 1986 AD
606 1939 852 1989 VERANNiUM.

272 2087 470 2168 Vennum,
484 2092 641 2156 omnibus
657 2112 676 2156 e
691 2092 774 2157 meis
787 2093 904 2157 amicis

271 2191 449 2255 Antistaus
462 2192 543 2255 mihi
556 2193 705 2257 millibus
720 2193 890 2270 trecentis,

270 2292 447 2355 Venistine
461 2291 595 2356 domum
609 2293 653 2356 ad
666 2299 742 2357 tuos
758 2293 912 2371 Penates,

270 2393 472 2476 Fratresque
486 2396 678 2473 unanimoS,
692 2415 858 2479 anumque
873 2397 1039 2461 matremi

269 2494 413 2560 Venisti.
458 2494 489 2558 Ο
504 2495 586 2559 mihi
600 2496 708 2560 nuntii
722 2496 835 2560 beati!
1219 2496 1241 2557 5

269 2596 391 2660 Visam
406 2602 439 2662 te
452 2597 663 2674 incolumem,
678 2597 880 2678 audiamque
897 2596 1062 2660 Hiberum

173 2760 198 2809 0
215 2759 328 2820 Vardani,
345 2757 405 2806 milri
422 2762 541 2820 presteras
555 2755 647 2805 arad&
655 2752 819 2814 familiaribus
830 2755 896 2817 mels,
907 2756 947 2805 vel
956 2755 1067 2806 trecentis
1077 2757 1178 2806 uadibus
1184 2774 1194 2816 ‚·
1210 2774 1241 2808 on

137 2825 236 2875 redii&
246 2826 340 2872 mmsis
350 2825 381 2870 ud
392 2821 468 2870 Lares
478 2826 539 2882 tuoe,
549 2823 580 2868 ud
591 2820 686 2880 fratres
693 2821 824 2879 concordes,
834 2824 858 2868 et
868 2822 900 2868 nd
908 2825 1007 2870 matrem
1014 2819 1100 2872 turm?
1127 2823 1240 2873 'landem

139 2885 257 2938 rediisti?
288 2886 380 2936 omits·
387 2885 473 2946 felices
489 2884 589 2936 annui!
619 2883 705 2934 Videte
714 2888 739 2932 te
748 2897 839 2947 sunum,
850 2889 878 2933 et
886 2886 1025 2948 valentem,
1033 2892 1057 2936 et
1064 2887 1197 2938 ammaon
1207 2896 1242 2951 te,

610 3026 790 3046 ΟΜΝΜΝΝ

172 3135 188 3176 2
205 3128 316 3178 Antiates
327 3127 353 3175 in
364 3126 460 3176 Dresd.
471 3125 590 3176 omnibus
600 3125 668 3175 Stet.
680 3125 756 3176 codd.
767 3125 840 3176 Brix.
851 3126 994 3176 etVenett.
1024 3127 1135 3177 Antiates
1145 3129 1171 3177 in
1182 3128 1240 3192 Crrj.

138 3194 242 3243 coium.
254 3192 358 3240 Vicerat.
376 3199 404 3240 et
416 3190 476 3240 Ald.
488 3194 513 3240 1.
543 3190 640 3240 Nostra
660 3191 723 3240 lect.
740 3190 850 3240 debetur
861 3189 982 3240 Palladio
1000 3196 1029 3241 et
1040 3189 1134 3242 Arent.
1145 3199 1172 3241 et
1183 3207 1241 3256 pro-

137 3258 203 3306 bata
226 3263 267 3305 est
290 3256 442 3304 vossio-d
465 3255 497 3304 iu
520 3254 587 3303 Stet.
604 3254 680 3304 codd.
696 3254 827 3316 unanimes,
848 3259 958 3317 mamque
975 3270 1007 3303 m.
1026 3256 1077 3316 vel,
1095 3271 1140 3305 nno
1155 3258 1242 3318 animo,

136 3334 265 3382 nasamone
274 3335 305 3370 m.
317 3321 383 3380 sire,
393 3334 441 3370 nno
451 3319 538 3382 animo,
549 3333 658 3382 namque
668 3333 700 3368 m.
712 3319 737 3366 iu
748 3319 871 3368 Commei.
883 3324 911 3368 et
922 3318 981 3367 Vat.
991 3333 1123 3382 senemque:
1135 3320 1161 3368 in
1173 3321 1242 3369 Scal.

136 3385 185 3434 lib.
196 3383 318 3433 munimen
327 3398 437 3447 suumque
447 3399 480 3433 sn.
509 3383 607 3432 Nostra
617 3384 680 3433 lect.
697 3382 809 3432 debetur
820 3381 930 3444 Faiirno,
941 3396 1016 3446 quem
1028 3383 1110 3432 secuti
1122 3383 1196 3435 Voss.
1212 3391 1241 3434 et

137 3447 190 3498 Ed.
199 3448 277 3498 Cant.
294 3448 399 3498 Marcii.
409 3462 442 3497 ex
450 3447 536 3498 litnrae
547 3446 656 3512 vestigio
665 3449 691 3497 in
699 3446 853 3497 membranis
864 3446 931 3511 conj.
939 3461 1064 3510 novemque
1072 3451 1180 3513 murem,
1188 3449 1205 3498 i.
1215 3463 1239 3498 e.

637 3607 744 3658 NOTAE

174 3725 187 3768 1
209 3719 323 3782 Verrunt,
332 3719 460 3770 omnibusne
471 3721 618 3772 melsundeis
624 3722 673 3772 Aa·
713 3721 830 3771 Catullus
842 3736 875 3771 ex
884 3721 1001 3771 omuibus
1014 3722 1066 3771 suis
1076 3722 1164 3773 amicis
1174 3725 1240 3773 auti·

139 3798 227 3847 tistons
249 3796 382 3859 [Antiates]
410 3796 565 3847 Gratulatur
574 3798 672 3847 Vereu-
711 3798 809 3862 etitem,
820 3798 838 3848 i.
850 3811 873 3847 e.
885 3797 954 3848 inter
964 3810 1054 3846 omnes
1064 3797 1159 3846 amicos
1170 3797 1240 3860 prin-

138 3874 183 3922 nio
194 3871 319 3921 familiari
335 3871 513 3922 sno⁴reditum
524 3887 557 3922 ex
577 3872 672 3936 Hispe-
710 3872 805 3936 cipem.
846 3871 899 3922 Alii
916 3871 1238 3936 legunt,Aatistens,quod

139 3950 192 4010 nia,
211 3962 265 4012 quo
283 3949 339 4012 ipse
370 3956 398 3998 et
419 3948 541 4000 Fabullus
561 3949 673 4014 profecti
710 3956 740 3998 et
755 3949 783 3998 iu
794 3949 865 3999 idem
876 3949 977 3999 recidit.
1009 3946 1062 3995 Sed
1073 3959 1162 3996 omnes
1174 3947 1239 3997 Mss.

137 4025 255 4086 fuerant,
265 4038 324 4074 eum
335 4024 400 4074 Caio
411 4022 517 4086 Pisone,
534 4026 579 4090 qui
596 4026 622 4074 ia
637 4026 673 4075 ci·
712 4024 831 4087 codices,
842 4040 872 4075 ec
884 4022 1011 4074 editiones
1023 4021 1135 4084 antiqua
1149 4022 1239 4073 lectio-

138 4102 264 4151 teniorem
291 4099 446 4164 Hispaniam
475 4102 598 4154 Quantos
623 4117 672 4166 pro
710 4101 1109 4159 nemuostramrepraencutsut.

138 4178 260 4229 Prasiane
278 4176 370 4229 mimus
389 4174 484 4228 iceret.
517 4177 595 4230 Hune
605 4177 672 4230 dicit
742 4169 1239 4237 satanan]1beridietieuntffisprni
