2774 4702
564 306 666 355 CARM
674 306 719 354 ΕΝ
744 305 833 354 CXV·

521 705 728 774 CARMEN
750 709 865 776 CXV.

546 883 587 931 ΙΝ
606 885 838 934 ΜΕΝΤΰΙιΔΜ.

144 1049 336 1115 Marianae
355 1049 455 1116 habet
467 1049 573 1114 instar
584 1050 718 1131 triginta
727 1051 846 1133 jugera
860 1053 961 1134 prati,

140 1193 143 1201 .
186 1150 417 1234 Quadraginta
430 1151 522 1216 arvi:
545 1155 741 1216 ceterasnnt
754 1152 872 1218 maria.

142 1252 213 1318 Cur
226 1273 293 1316 non
307 1252 434 1317 divitiis
450 1251 606 1320 Croesum
622 1273 780 1337 superare
794 1255 888 1338 potis
905 1253 962 1333 sit,

185 1353 266 1418 Uno
279 1354 338 1437 qui
351 1353 385 1418 in
400 1355 488 1419 saltu
503 1360 552 1420 tot
564 1356 654 1419 bona
667 1355 840 1438 possideat
851 1376 861 1436 3

137 1456 258 1533 Prata,
274 1474 365 1532 arva,
378 1455 525 1538 ingentes
538 1455 664 1536 sylvas,
681 1456 867 1540 saltusque,
882 1457 1102 1542 paludesque,
1216 1463 1239 1525 5

182 1556 300 1639 Usque
315 1556 358 1620 ad
374 1555 614 1643 Hyperboreos
628 1562 661 1620 et
675 1576 765 1621 mare
778 1557 821 1622 ad
837 1556 1038 1623 Oceanum?

171 1735 395 1798 mememoratur
404 1734 601 1796 trigiatojogera
610 1735 676 1797 proti
685 1734 746 1784 rotis
760 1750 856 1797 magno,
866 1737 1024 1799 madrogirto
1040 1737 1095 1798 agri
1110 1737 1176 1800 miti,
1184 1739 1240 1788 reii-

137 1805 246 1862 μακε
257 1813 358 1861 aquom.
392 1800 483 1855 Quidni
491 1799 803 1861 pomitieoinmrecmrmo
811 1800 901 1863 opilare,
910 1802 951 1864 qai
961 1806 1040 1850 turrim
1049 1801 1148 1850 divitior
1155 1801 1240 1851 moene

136 1863 209 1912 araim
218 1863 245 1912 io
253 1860 361 1925 produ?
379 1863 546 1925 quoopratq
555 1863 796 1924 ogrimltifflmrdio
802 1866 1044 1927 nemoro,proedio,et
1054 1866 1241 1928 ioompoiartm

138 1928 254 1990 usquead
264 1926 428 1990 Hyperboreos
438 1927 548 1990 populos
558 1931 582 1976 et
598 1928 631 1976 ad
640 1941 705 1976 more
717 1927 843 1993 ilerum
877 1929 965 1979 Omnia
974 1930 1023 1979 isto
1033 1929 1138 1995 quidem
1152 1943 1240 1991 mma

602 2052 782 2073 W&

171 2151 334 2214 conjunctim
345 2151 395 2201 hoe
407 2151 491 2201 cmm.
510 2165 568 2201 cunr
580 2151 748 2202 antecedenti
764 2151 901 2202 exhibetur
920 2152 946 2201 in
963 2151 1036 2202 Brix.
1057 2157 1085 2202 et
1103 2153 1239 2218 Grypu-

137 2218 153 2263 1
171 2215 225 2264 Pro
235 2215 323 2272 instar,
343 2214 412 2278 quod
424 2221 554 2265 testantur
567 2230 654 2264 omnes
665 2216 731 2266 Stat.
742 2216 818 2266 eodd.
830 2217 856 2265 iu
867 2217 938 2265 Mur.
950 2221 1030 2266 noster
1037 2233 1048 2275 ,-
1058 2218 1162 2267 Passer.
1172 2218 1239 2280 conj.

136 2283 238 2338 noum
248 2279 315 2328 Stat.
325 2278 405 2339 ἰωῆς
427 2279 495 2329 Seal.
504 2278 584 2338 jada,
596 2293 643 2342 pro
651 2281 736 2341 juxto,
753 2279 822 2343 quod
839 2280 948 2343 interpr.
967 2279 1098 2341 &nia-2
1114 2280 1146 2330 Iu
1158 2281 1238 2332 Zano.
1319 2304 1322 2311 ν

136 2347 222 2392 mnu
230 2348 286 2392 ruat
294 2343 429 2392 muria—d
445 2343 477 2391 In
487 2343 561 2394 Bria.
574 2342 654 2391 Zone.
665 2348 692 2391 et
703 2343 994 2394 nonnullirstat.codd.
1004 2349 1039 2393 tot
1050 2346 1132 2402 modo;
1141 2344 1167 2392 in
1178 2345 1239 2394 Pat.

136 2411 167 2457 et
178 2407 234 2456 aliia
246 2408 311 2456 Stat.
322 2412 357 2456 tot
368 2408 446 2468 modo,
457 2406 526 2472 qnod
538 2406 639 2468 recepit
655 2405 705 2455 Ed.
717 2407 778 2469 Bip.
795 2407 821 2454 in
832 2407 900 2455 Soal.
912 2407 970 2456 cod.
982 2410 1094 2469 totmodo,
1104 2423 1156 2456 ona
1166 2422 1240 2471 voce,

136 2470 207 2585 qpod
216 2477 387 2534 reposuerunt
397 2471 475 2534 vulp.
484 2476 512 2519 et
521 2469 564 2519 ed}
576 2485 652 2520 anon.
663 2470 774 2532 Vulpius
786 2475 908 2535 tanquam
921 2465 1076 2533 compendio
1084 2471 1117 2520 ab
1126 2470 1180 2519 auti
1198 2471 1238 2521 uis

176 2534 238 2584 tinia
260 2535 458 2611 pponuueiatum
480 2534 597 2596 explicat
618 2547 667 2596 pro
688 2535 745 2583 ‘tot
766 2533 1002 2610 commodae’leet.
1023 2541 1121 2596 nostra,
1138 2535 1163 2582 iu
1201 2533 1238 2609 ld·

136 2597 212 2650 Joot.
235 2598 319 2648 Colrn.
339 2597 440 2710 Grpplr.
462 2598 533 2647 Mar.
555 2597 639 2647 Henr.
657 2597 745 2647 Groev.
761 2597 837 2646 Cant.
855 2597 1239 2662 alltaJamrecepta,Avant1⁰

138 2661 308 2736 debetur-d
325 2662 358 2712 ln
402 2669 436 2711 at.
446 2667 470 2710 et
480 2674 546 2711 more
559 2659 690 2721 Oceanum,
697 2667 771 2711 recte
781 2675 814 2711 ex
822 2660 924 2724 judicio
932 2662 1085 2726 Vulpii.-i.
1096 2666 1113 2711 8
1129 2661 1237 2712 Instat.

632 2823 742 2876 NOTAE

172 2952 314 3002 lMeatalo
321 2952 474 3003 modiratur
485 2952 576 3017 [iusto]
596 2953 668 3005 Nou·
709 2954 884 3006 Herodotum.

137 3027 582 3092 nulli-leguntiaator‚utritsenous,
594 3028 669 3078 Meu·
740 3035 757 3079 6
773 3030 949 3094 Hyperboreos]
964 3029 1239 3094 Scyrntaeoltimaepo·

138 3105 195 3154 tuta
205 3103 286 3153 instar
294 3103 361 3167 prati
368 3103 448 3152 habet
456 3103 563 3167 triginta
566 3103 670 3166 jugera,
710 3105 764 3168 puli
774 3110 836 3154 sont
846 3104 878 3153 ad
890 3104 1043 3169 Aquilonem
1055 3105 1082 3153 in
1097 3105 1185 3155 littore
1203 3107 1239 3156 0-

137 3183 166 3229 et
176 3179 260 3228 instar
272 3180 328 3229 arvi
338 3179 510 3244 quadraginta
517 3179 622 3242 jugera,
631 3192 670 3226 re·
710 3179 784 3229 oeani
801 3180 1026 3242 Septemtrionalio
1045 3180 1131 3242 positi.
1164 3181 1237 3231 Stra·

136 3256 210 3321 liqna
237 3257 364 3306 Mentula
386 3257 472 3320 spatia
498 3261 559 3304 sunt
580 3253 669 3304 maria.
708 3253 770 3304 boni
792 3253 838 3304 lib.
859 3266 879 3303 1.
905 3253 1073 3318 Hyperborei
1094 3260 1155 3304 suut
1176 3256 1236 3321 ‘qui

137 3333 199 3384 Hoe
217 3332 297 3382 etiam
316 3348 394 3398 porro
413 3331 533 3382 Carmine
552 3330 669 3381 Catullus
708 3331 820 3380 maxime
832 3337 893 3380 sant
911 3329 1022 3379 omnium
1033 3328 1237 3393 septemtriona-

138 3407 297 3457 Mamurram
317 3409 445 3471 exagitat,
464 3411 593 3470 negatque
610 3419 668 3454 eum
708 3403 765 3454 les?
785 3405 950 3455 DehisPliu.
959 3403 1034 3454 N.H.
1042 3403 1087 3454 lib.
1095 3405 1237 3455 rv.‘Pone

138 3481 196 3532 fieri
205 3483 285 3546 pluris
294 3482 327 3533 ob
335 3483 439 3532 divitias
450 3481 617 3543 detersero
625 3481 669 3530 ho·
709 3494 753 3530 eos
763 3486 862 3546 montes
872 3482 990 3546 ultraque
1000 3480 1163 3546 Aquilonem,
1173 3495 1237 3546 geos

135 3558 214 3628 'rotule
225 3559 328 3610 nomine
347 3557 466 3624 indignus
484 3557 549 3606 ninii
565 3557 670 3619 lrabeat,
710 3554 783 3620 felix,
802 3556 836 3623 (ai
853 3555 1003 3622 credimua,)
1019 3571 1084 3622 quor
1099 3557 1237 3621 Hyperbo-

137 3639 237 3697 preater
244 3633 371 3684 obeeoenae
378 3632 668 3698 partismaquitndiuem
709 3645 768 3682 reos
786 3632 963 3695 appellavere,
974 3632 1154 3695 anuosodegit
1172 3647 1238 3693 mro,

138 3724 282 3771 enormem,
302 3710 372 3776 quod
403 3710 429 3760 in
454 3710 539 3776 aliquo
562 3724 668 3759 numero
709 3705 1236 3771 fabulosiscelebratamiraculio....Regio

124 3785 229 3840 ‘raheri
241 3788 333 3851 possit.
708 3783 806 3846 aprica,
821 3781 895 3834 felici
906 3784 1043 3848 temperie,
1057 3783 1127 3833 omni
1146 3779 1236 3833 afflatu

170 3865 187 3911 t
210 3862 315 3912 Divitiis
337 3863 452 3927 Cromm]
485 3861 590 3912 (trusus
611 3861 669 3910 Rex
708 3857 906 3908 noxiooareoo:
921 3855 1237 3907 domueiionemoralual·

139 3933 189 3986 fuit
205 3937 347 4002 Lydorum,
362 3939 437 4002 cnjus
448 3952 511 4002 opes
530 3944 559 3986 et
570 3936 669 3987 divitie
709 3948 769 3999 que,
784 3940 813 3984 et
832 3935 948 3984 Deorum
967 3933 1051 3982 cultus
1069 3929 1165 3980 viritim
1180 3943 1238 3994 gre·

139 4016 221 4063 tantm
243 4013 364 4063 dicuntur
385 4013 478 4078 fnisse,
497 4020 528 4064 at
547 4019 668 4076 tanquam
710 4013 853 4076 gutturque,
869 4007 998 4060 discordia
1009 4007 1107 4069 ignota,
1119 4012 1147 4055 et
1161 4005 1235 4070 ψί-

140 4086 286 4139 mortalium
300 4088 439 4139 ditissimus
447 4088 517 4153 apud
528 4102 614 4138 omnes
626 4102 668 4137 ee·
711 4087 774 4136 todo
786 4086 882 4137 omnis.¹
915 4083 982 4133 Vide
991 4082 1069 4132 etiam
1083 4081 1115 4132 de
1126 4081 1165 4134 lrls
1175 4081 1235 4133 Me·

140 4161 264 4218 lebretur.
283 4164 366 4228 Ipsius
378 4166 519 4215 Historiam
530 4163 588 4214 vide
598 4162 668 4226 apud
708 4164 767 4217 lam.
