2774 4702
426 334 682 384 rnuvrnrnrnrr
706 330 884 385 tranare.
1135 314 1203 387 823

98 480 184 563 ipsa
199 483 370 562 surgentes
384 479 532 564 papillas
547 479 589 544 de
606 479 737 544 Favoni
749 481 869 563 spiritu

96 580 203 664 Urget
216 583 250 646 in
262 587 360 646 notos
374 586 525 665 penates.
569 582 653 665 Ipsa
666 583 751 647 roris
765 583 883 660 lucidi,
1155 581 1203 647 *lo
1275 607 1278 618 ·

96 682 221 748 Noctis
236 702 319 748 aura
332 702 433 766 quem
447 683 611 767 relinquit,
625 684 751 767 spargit
764 682 941 747 humentes
956 698 1072 768 aquas.

97 784 272 869 [lacrymae
290 787 413 849 micant
428 791 607 850 trementes
622 785 663 849 de
679 785 810 851 caduco
823 785 984 868 pondere:

97 886 203 975 Gutta
217 906 370 971 praeceps
382 888 463 951 orbe
478 907 582 971 parvo
593 888 739 952 sustinet
752 907 854 951 casus
869 906 970 950 suos:

96 987 191 1052 Hinc
203 988 363 1072 pudorem
378 987 565 1054 florulentae
580 989 797 1073 prodiderunt
810 1006 978 1070 purpurae.

554 1165 736 1184 ”Um

91 1278 218 1325 geramum
234 1264 303 1313 unde
321 1264 365 1314 ille
381 1265 450 1330 conj.
467 1272 583 1328 geranio,
601 1265 618 1313 i.
639 1279 663 1313 e.
681 1278 812 1326 gamaram,
831 1263 899 1340 quod
914 1263 1050 1313 Bnclrneru
1067 1269 1094 1312 el
1107 1262 1200 1314 Rivino

93 1325 211 1386 arridet3
229 1329 299 1391 Lipa.
316 1331 438 1392 gcmrucb,
459 1329 629 1394 probantibus
646 1328 740 1379 Weita.
753 1336 780 1378 et
791 1329 875 1378 Scuv.
889 1329 914 1376 in
928 1328 1005 1377 Salm.
1018 1327 1075 1376 coti.
1088 1326 1197 1388 geurmia.

93 1391 167 1442 Ante
177 1391 247 1440 huuc
259 1406 359 1441 versum
371 1407 460 1442 vertar
478 1399 520 1444 2³.
538 1398 580 1443 24.
600 1393 686 1456 potuit
698 1393 756 1442 Riv.
773 1400 800 1442 et
811 1400 872 1456 port
883 1392 993 1441 eundem
1004 1392 1111 1442 intenuit
1120 1392 1200 1440 intar-

93 1456 216 1516 colarem,
229 1456 290 1504 Crat
299 1461 371 1519 uruat,
381 1459 421 1520 ⁸5⁶·
443 1457 510 1506 Vide
523 1458 555 1506 ad
573 1472 609 1506 vr.
625 1461 667 1506 Ἀ.
685 1460 792 1506 alell
809 1457 841 1506 Iu
853 1457 922 1505 Pitb.
934 1456 992 1504 cod.
1009 1457 1064 1520 ipra
1075 1459 1199 1516 urgento

90 1519 337 1582 populatarum
355 1521 437 1583 perita
458 1521 552 1583 Urgaet
563 1521 659 1570 inlotae
674 1525 773 1582 penten
791 1521 816 1568 iu
838 1520 915 1569 Salui.
933 1520 991 1568 cod.
1012 1520 1200 1582 Iprcaargeatca

91 1599 117 1646 p.
129 1585 159 1632 rle
170 1583 262 1631 Favoni
277 1585 365 1646 spiritu
386 1586 479 1646 Urguet
498 1586 523 1634 in
539 1591 606 1633 notor
623 1589 733 1645 petulca:
752 1585 823 1633 Pitb.
841 1584 908 1648 conj.
926 1582 981 1645 Ipau
998 1588 1119 1644 turgentes
1133 1596 1156 1646 ρ.
1168 1583 1198 1632 tle

92 1647 187 1697 Fauoni
197 1648 284 1710 spirita
298 1649 391 1710 Urguet
402 1649 428 1697 ira
439 1654 504 1698 torur
513 1653 640 1712 stupenter,
651 1649 776 1711 probante
789 1648 861 1709 Lipa.
874 1647 917 1711 qrri
931 1662 977 1709 pro
990 1651 1109 1710 atuperrtea
1126 1646 1199 1695 malit

92 1715 214 1773 tepentem
225 1712 306 1760 Salm.
318 1717 380 1761 toron
390 1717 517 1774 porenttar
533 1713 654 1761 Scriverii
668 1712 762 1760 amicnr
775 1710 889 1774 quidam,
912 1711 989 1771 Urget
1004 1711 1030 1758 iu
1047 1711 1119 1759 nodos
1132 1715 1199 1760 tm·

91 1774 227 1832 emunda
239 1775 323 1825 Scriv.
335 1777 400 1839 ipre,
414 1777 490 1837 Urget
502 1778 527 1826 ia
539 1779 614 1825 nudor
620 1780 736 1838 pertita,-
747 1776 840 1824 Weitz.
864 1776 958 1835 Uagaet
968 1774 994 1822 in
1005 1780 1068 1823 toros
1078 1779 1184 1837 tepenter
1189 1789 1199 1832 ,·

92 1838 152 1892 Bia.
175 1839 233 1902 Ipso
241 1844 363 1900 turgente·
371 1855 398 1904 p.
410 1842 438 1888 tic
449 1840 478 1889 F.
489 1856 525 1904 tp.
538 1842 628 1900 Turget
636 1840 661 1888 ia
669 1845 732 1888 tarot
742 1844 847 1902 tepenter
854 1854 864 1895 ,·
880 1848 908 1888 et
918 1845 1019 1901 poatea,
1034 1839 1091 1902 ipra
1099 1852 1198 1896 rarae»

92 1907 128 1953 tat
140 1901 242 1963 statuat
257 1906 286 1953 tle
304 1905 335 1953 F.
350 1918 386 1967 ap.
407 1904 498 1966 Urguet
515 1906 541 1954 in
552 1905 621 1965 socon
637 1909 758 1967 tepentem
773 1903 825 1964 vel,
839 1903 896 1967 ipro
907 1907 1029 1965 turgentes
1042 1918 1066 1966 p.
1077 1905 1107 1952 dc
1119 1902 1149 1953 1³.
1159 1917 1197 1967 tp.

94 1967 189 2030 blaiget
208 1967 234 2016 in
244 1967 322 2028 stetur
332 1969 451 2027 intentat,
467 1969 519 2032 ipta
537 1970 599 2016 roris
610 1969 690 2028 lactei,
701 1971 742 2030 tsc.
762 1967 858 2017 Sanad.
875 1967 996 2031 deniqne,
1007 1967 1064 2030 ipra
1075 1971 1198 2028 turgente·

89 2045 117 2095 p.
127 2031 157 2080 tle
167 2030 198 2082 F.
212 2045 248 2094 tp.
264 2032 360 2094 Moiget
376 2033 403 2081 t'rt
421 2037 484 2081 torna
505 2037 682 2096 terratica—16
698 2032 768 2095 Lipr.
784 2033 883 2097 legeret
903 2047 971 2095 quom
988 2031 1102 2095 reliquit:
1123 2030 1199 2080 Wun-

91 2094 186 2144 ararim
203 2096 236 2144 ad
252 2095 332 2158 Apul.
353 2111 424 2160 qaam
439 2096 546 2160 reliquit.
566 2096 696 2161 probante
715 2097 864 2156 Scriveri03
882 2111 950 2158 quem
966 2096 1059 2159 reliquit
1077 2093 1197 2158 Rirluna,

91 2158 137 2223 qni
156 2165 216 2223 post
231 2160 300 2209 bunc
318 2175 421 2209 veroum
433 2160 617 2210 intercalarem
629 2160 811 2210 inseruit-li
831 2159 882 2209 Hic
894 2166 923 2209 et
938 2168 1047 2224 quatuor
1058 2165 1196 2224 aequente·
1250 2181 1254 2193 ·

91 2235 182 2273 verant
194 2225 301 2273 axnlant
315 2225 342 2273 iu
358 2225 399 2274 ed.
416 2224 513 2275 Sauad.
531 2224 563 2274 rie
584 2224 677 2289 quibua
694 2226 749 2274 liare
768 2231 858 2274 notat:
876 2223 1065 2287 ‘interpolatio
1084 2222 1185 2273 inutilia

89 2286 225 2350 intricata,
244 2289 305 2338 nibil
328 2289 496 2352 aequantibua
516 2296 647 2352 conatam,
666 2288 841 2338 infelicissime
851 2288 945 2345 audax,
960 2295 988 2336 et
998 2288 1055 2351 jam
1072 2286 1144 2337 (licta
1155 2303 1185 2336 ra

90 2349 202 2412 dicenda
211 2352 301 2417 inepte
312 2351 425 2401 iterant!
449 2353 483 2402 In
493 2353 563 2403 Pitb.
574 2352 632 2403 cod.
651 2354 685 2402 El
696 2367 733 2402 mc
741 2357 812 2401 corut
831 2353 932 2415 lacryma
947 2356 1073 2400 tremulat
1085 2352 1197 2404 delum

86 2416 207 2478 wadan
218 2417 288 2479 Lipa.
300 2417 399 2466 emend.
424 2419 458 2466 lit
468 2417 565 2475 mitum,
576 2422 605 2466 et
615 2417 653 2466 aic
664 2424 722 2467 erat
733 2415 759 2464 iu
771 2416 851 2465 Saim.
870 2415 928 2464 cod.
945 2415 989 2478 qui
999 2415 1138 2478 legendnm
1150 2429 1197 2478 pn·

90 2479 158 2530 tavit
167 2480 296 2539 animm
316 2480 343 2528 iu
354 2480 471 2544 ejusdem
483 2481 537 2532 cod.
550 2485 579 2532 tle
589 2483 676 2532 codano
683 2497 692 2538 ,·
704 2480 840 2530 bematius
850 2479 918 2542 conj.
929 2479 1047 2540 decutiuo,
1055 2492 1108 2527 nna
1116 2491 1195 2542 rocca

90 2541 185 2594 Waltz.
196 2545 318 2602 derinim
339 2545 399 2595 Riv.
421 2547 449 2599 de
465 2560 571 2595 rotarum
584 2547 686 2609 portum
694 2561 704 2604 ,·
727 2545 777 2605 vel,
793 2543 878 2592 uitium
889 2545 919 2592 rie
929 2543 1038 2599 Matre,-
1060 2544 1111 2604 vel,
1121 2544 1196 2607 &pat

86 2610 179 2666 &clm
197 2611 316 2672 ponerer
342 2608 434 2658 Lectio
457 2616 546 2659 nostra
568 2609 679 2659 debetur
704 2608 844 2669 Scriverin,
871 2606 903 2654 im
926 2605 1034 2656 robanta
1062 2607 1197 2655 Ricina.-

88 2674 122 2721 la
138 2671 198 2723 Rir.
209 2680 271 2735 poat
280 2673 349 2723 bunc
362 2687 463 2722 terrum
482 2673 569 2736 potuit
581 2688 619 2722 va.
638 2677 679 2723 58.
690 2686 755 2721 curu.
766 2672 925 2731 intercalari,
935 2670 980 2719 aed
992 2670 1054 2721 ibid.
1065 2684 1112 2733 pru
1123 2671 1197 2721 ducat

86 2734 157 2800 legit
166 2736 306 2788 tam-ro
322 2737 476 2800 inpactorum
486 2737 514 2786 in
524 2737 593 2786 Pitb.
605 2737 664 2788 cod.
693 2737 724 2785 ln
742 2737 831 2799 pudore
846 2737 872 2786 in
891 2734 970 2786 Saltu.
989 2734 1048 2784 coti.
1066 2733 1110 2799 qui
1130 2733 1196 2798 legit

585 2881 696 2932 NOTAE

84 2992 227 3057 multiplici
238 2992 359 3043 tellurem
369 2992 491 3056 illustrat,
501 3006 531 3043 ac
543 2993 621 3043 deco·
660 2994 739 3044 etiam
760 2995 791 3054 B.
803 2990 978 3058 Hieronymnr
999 2991 1083 3056 Epist.
1101 2996 1143 3043 ab.
1159 2991 1194 3042 ad

86 3075 140 3119 rat.
283 3116 285 3120 ,
493 3086 495 3095 ·
659 3070 863 3122 Pammachiutn.
897 3070 1100 3135 ‘Quir,’inquit,
1117 3071 1197 3134 ‘par-

121 3147 154 3194 1⁴
168 3142 302 3205 angentes
318 3144 431 3208 papium]
449 3144 502 3193 iiic
520 3144 620 3208 ‘papil·
659 3148 798 3197 turientcm
818 3163 911 3210 rotam,
931 3155 959 3197 et
975 3147 1127 3211 papillatum
1148 3162 1193 3197 co·

86 3217 136 3270 la’
151 3225 213 3269 aaut
224 3232 340 3269 rotarum
352 3219 483 3282 alabastri,
494 3233 524 3267 ac
537 3219 619 3282 prima
660 3222 787 3286 rymbum,
799 3231 937 3285 autequam
948 3223 974 3270 in
987 3222 1118 3269 calathum
1133 3219 1192 3272 furt·

86 3294 213 3358 germina,
234 3308 280 3344 aen
298 3309 417 3362 rotarum
437 3295 539 3359 calyces
557 3308 619 3343 non·
641 3297 736 3346 natur
747 3297 865 3359 orbir‚et
882 3303 939 3346 tota
956 3295 1103 3344 rubentium
1116 3294 1193 3345 folio·

85 3370 150 3420 dum
162 3370 336 3433 dehiscentes,
347 3377 376 3420 et
385 3376 516 3435 patenter,
526 3385 619 3421 convo·
659 3387 716 3422 rum
728 3373 857 3436 pandatur
868 3372 984 3434 ambitio,
998 3371 1136 3420 immature
1147 3371 1193 3422 ‹le-

84 3447 276 3499 lntiafoiiorurn
287 3448 618 3512 paunicniirconniventca.
659 3463 771 3498 mertum
784 3448 863 3512 aquit
883 3447 963 3497 oculis
982 3462 1144 3498 marceacere
1157 3449 1193 3500 rl·

86 3523 130 3574 Da
146 3523 183 3574 bia
200 3536 315 3573 roaarnrn
335 3522 467 3588 ‘papillis'
488 3524 556 3574 Plin.
573 3523 618 3573 lib.
659 3523 722 3573 duat
732 3523 751 3572 θ’
784 3525 868 3576 Quam
880 3524 982 3575 Plinius
999 3525 1190 3577 ‘alabastrum'

84 3606 158 3648 xm.
171 3611 228 3661 cap.
239 3601 263 3647 t.
280 3597 367 3646 ‘Rosa
384 3597 499 3647 nascitur
517 3605 546 3647 et
563 3613 619 3660 ger·
658 3600 732 3663 dicit,
758 3600 927 3664 ‘papillarum
950 3601 1118 3667 corymbum’
1140 3602 1191 3653 Vir

31 3694 33 3698 v
84 3673 169 3723 minat
179 3687 291 3735 granoso
302 3672 412 3735 cortice,
428 3687 480 3736 qno
498 3673 619 3722 intumet·
656 3683 760 3726 tanctna
771 3677 897 3741 appcilat.

85 3755 164 3798 cante
175 3757 202 3798 et
214 3750 239 3797 in
253 3747 350 3796 riridca
365 3748 508 3797 aiabattroa
520 3747 618 3812 futigi-
689 3759 719 3804 1⁶
741 3753 830 3817 Urget]
866 3755 1002 3818 Propellit,
1026 3753 1136 3804 effundit
1161 3753 1190 3812 in

83 3829 130 3875 atu
150 3825 276 3889 paulatim
293 3825 434 3874 rubescent
452 3824 566 3875 debiacit
587 3840 617 3875 ac
657 3829 727 3880 t‘olia.
771 3832 829 3881 Hoc
852 3831 926 3880 Maro
953 3829 1099 3879 ‘trudere'
1123 3828 1190 3880 dixit

83 3914 142 3951 aeae
153 3901 254 3966 pandit,
264 3901 290 3950 iu
299 3901 397 3965 calycia
405 3901 491 3951 metlio
499 3901 538 3950 ani
548 3916 616 3952 conr·
658 3906 755 3971 Georg.
775 3921 806 3957 rr.
827 3906 892 3956 ‘Sed
915 3904 997 3954 trudit
1018 3918 1140 3969 gemmea,
1161 3910 1190 3955 et

82 3977 161 4040 plexa
178 3977 264 4027 intuor
287 3975 397 4041 apices?
430 3975 615 4027 ‘Alabastros'
658 3982 764 4032 frondea
777 3982 894 4045 explicat
905 3977 1010 4029 omuca’

80 4051 273 4102 iroal'linianoa
284 4058 376 4102 notter
386 4051 489 4103 Auctor
499 4052 618 4117 derigunt
691 4061 722 4108 lt
739 4059 862 4122 lacrymor
878 4055 977 4116 aaut]
1000 4053 1120 4116 Eleganti
1136 4062 1190 4107 tra·

80 4128 438 4193 paragrammata
449 4135 499 4188 eat,
510 4143 618 4180 naacen·
656 4134 756 4185 latione
773 4133 854 4183 ‘rorit
872 4127 977 4196 gottw
997 4135 1075 4186 vocat
1093 4131 1189 4201 ‘lacry-

79 4203 500 4268 tcr,gerninaatea,crcaccuter.
526 4204 616 4256 Dabit
658 4211 730 4264 must
1179 4242 1184 4249 .
