2774 4702
588 318 798 431 nuenario.
1198 334 1236 398 11

137 485 271 570 smptus
286 484 489 552 aberrarunt.
534 482 624 547 Nam
649 483 685 546 iu
700 478 838 548 Catullo
852 484 1059 569 explicando
1073 497 1139 554 n'ou
1153 487 1244 553 suffi-

136 588 188 653 cit
216 585 382 670 protunda
409 581 550 651 eruditio
580 605 622 649 ac
650 585 834 666 doctriua;·
861 585 1026 673 luterpres
1046 607 1122 654 esse
1142 585 1245 655 debet

137 690 285 772 iugenio,
300 687 398 771 quale
412 682 531 752 Poetae
552 692 666 754 nostro
681 692 764 763 erat,
775 695 922 753 venusto
943 695 978 756 et
1000 689 1126 772 lepido.
1164 691 1245 756 Plu·

138 791 227 855 rima
254 790 466 874 reperiuntur
483 789 520 854 iu
540 788 619 873 ejus
640 785 865 867 Carminibus,
891 810 968 873 quse
994 793 1102 874 magis
1126 810 1245 857 sensus

140 890 401 974 significatione,
430 904 532 989 qnam
553 889 695 954 rationis
720 889 976 973 investigatione
1000 893 1136 975 probari
1164 912 1245 976 pos·

141 997 242 1074 sunt;
264 1010 343 1077 quae
359 995 472 1056 tamen
485 1010 553 1056 non
567 991 663 1074 parvi
676 993 837 1056 momenti
851 999 938 1073 suut,
949 1014 1025 1059 cum
1039 999 1246 1060 venustatem

140 1091 355 1159 Carminibus
369 1093 424 1159 vel
438 1090 628 1171 detrahant,
641 1093 693 1157 vel
704 1095 891 1160 restituant.
936 1095 1005 1160 Sed
1015 1095 1247 1219 beccampliur

140 1195 309 1278 persequi,
320 1191 481 1260 noumibi
495 1194 669 1278 proposui.

186 1292 243 1359 Ad
266 1296 501 1368 sententiarum
524 1294 781 1361 illustrationem
802 1312 846 1358 ue
872 1295 964 1377 prius
986 1301 1020 1360 te
1042 1296 1246 1376 accinxerim

141 1414 244 1479 quam
252 1395 431 1478 genuinam
441 1393 633 1485 (terminum
646 1393 870 1459 conditionem
880 1395 1077 1474 restitueris,
1091 1415 1133 1461 ac
1142 1398 1247 1463 verbs

141 1495 286 1561 Auctori
294 1497 528 1562 vindicaveris.
572 1493 730 1593 (lfficium
746 1496 846 1577 igitur
859 1496 1093 1578 gravissimum
1102 1498 1248 1563 Editoris

141 1597 292 1681 positum
306 1599 369 1663 erit
382 1597 583 1681 indiligenti
598 1603 633 1663 et
655 1603 813 1662 accurata
829 1597 1079 1680 comparatione
1094 1598 1247 1663 codicum

142 1718 246 1762 manu
270 1699 480 1783 scriptorum.
524 1699 577 1764 Ac
599 1699 732 1777 mirum,
748 1718 791 1764 ne
807 1699 918 1764 dicam
939 1699 1139 1775 miserabile,
1154 1697 1248 1764 vide*-

143 1805 209 1877 tur,
223 1800 351 1883 quoda
365 1801 604 1867 recentioribus
618 1799 812 1866 Editoribus
830 1819 873 1864 ne
893 1818 934 1864 ea
953 1798 1099 1882 quidem,
1112 1818 1191 1883 quae
1212 1800 1249 1864 iu

146 2001 234 2081 Qua·
252 2008 364 2067 tamen
389 2019 496 2088 opera
529 2004 638 2084 magis
667 2002 910 2068 subvenissent
930 2000 1096 2067 laboranti
1124 2004 1257 2082 textui,

144 2122 247 2187 quam
277 2100 542 2186 explicatiouum
561 2104 606 2169 ad
633 2105 735 2169 verba
762 2110 924 2187 corrupta
949 2102 1154 2188 adjectarum
1183 2103 1248 2168 fur·

144 2196 271 2288 regine.
316 2203 551 2290 Interpretatio
574 2206 660 2270 enim
674 2204 799 2271 criticae
822 2204 906 2268 artis
927 2204 1055 2268 auxilio
1077 2203 1248 2282 motum,

143 2305 291 2388 ideoque
305 2305 432 2375 incerta
444 2313 478 2370 et
488 2325 585 2383 vana,
595 2325 664 2371 uon
677 2311 787 2390 petest
795 2303 1009 2371 difficultates
1019 2304 1147 2370 tollere.
1177 2304 1250 2369 Ad·

143 2406 211 2471 buc
225 2413 381 2474 accurate
404 2407 594 2490 colligenda
615 2414 667 2474 est
686 2408 843 2473 lectionis
865 2407 1010 2472 varietas
1036 2426 1056 2470 e
1076 2404 1250 2470 codicibus

145 2507 306 2587 Palladii,
327 2508 470 2574 Guariui
484 2509 599 2593 (cujus
615 2509 719 2575 editio
744 2528 798 2574 au.
815 2508 911 2574 1521.
933 2507 1089 2589 pluribus
1111 2503 1250 2590 ignota),

146 2607 283 2687 Mureti,
312 2609 488 2690 Scaligeri,
512 2609 630 2675 Vossii
658 2608 759 2694 (inter
781 2627 868 2692 quos
893 2609 1016 2672 eminet
1038 2608 1122 2672 liber
1151 2605 1251 2671 com-

145 2710 284 2790 melin),
298 2707 485 2786 Columnae,
502 2707 666 2792 Meleagri
687 2709 855 2797 (Baltbas.
870 2704 1076 2789 venatoris),
1095 2706 1251 2784 Fruterii,

147 2814 183 2873 et
198 2809 351 2887 aliorum,
366 2812 490 2890 praeter
503 2825 563 2872 eos
577 2806 726 2886 codices,
742 2806 813 2889 qui,
836 2824 858 2869 a
871 2804 954 2869 viris
976 2805 1085 2870 ductis
1105 2806 1251 2872 noudum
1345 2832 1347 2835 ·

146 2908 322 2992 descripti,
336 2908 372 2972 in
385 2907 734 2974 bibliothecisextaut.
778 2906 892 2990 Atque
907 2908 1149 2990 antiquissimae
1165 2927 1251 2992 quu-

146 3030 214 3094 que
228 3011 396 3080 editiones
413 3010 480 3075 buc
502 3009 681 3094 pertinere,
703 3029 768 3074 non
781 3028 869 3146 opus
890 3015 943 3073 cst
965 3016 1003 3073 ut
1025 3009 1177 3092 pluribus
1192 3010 1251 3074 de·

147 3117 341 3177 monstrem.

192 3211 366 3278 Editorem
385 3210 511 3277 Catulli
524 3229 624 3295 porro
641 3215 785 3294 oportet,
797 3177 985 3292 fragmenta
999 3215 1033 3274 et
1047 3212 1149 3276 verba
1163 3210 1250 3277 Poe'·
1311 3287 1315 3295 ¹

149 3321 207 3392 tae,
223 3309 303 3398 quie
324 3289 415 3397 i'pud
431 3312 679 3379 Grammaticos
699 3313 866 3395 leguntur,
884 3318 920 3375 et
933 3328 1074 3428 quornm
1093 3331 1250 3378 numerus

147 3434 216 3481 non
228 3433 356 3500 parvus
371 3420 437 3494 est,
458 3433 642 3498 congerere.
687 3413 992 3479 Grammaticorum
1009 3413 1095 3477 enim
1109 3414 1252 3478 auctori·

148 3520 229 3594 tate,
242 3535 336 3600 saepe
347 3516 508 3596 ,codicum
523 3516 670 3580 omniurn
683 3515 840 3599 graviori,
853 3513 951 3597 plura
963 3513 1042 3578 loca
1052 3513 1183 3579 restitui
1198 3514 1251 3580 vel

149 3617 285 3682 defendi
296 3624 451 3701 possunt.
468 3617 511 3683 Id
522 3617 612 3701 quod
622 3616 778 3682 Editores
789 3615 989 3681 recentiores
1004 3615 1106 3698 plane
1116 3615 1250 3698 neglex-

148 3726 252 3786 erunt.
297 3720 494 3786 Lectionum
524 3719 699 3785 defendere
723 3719 889 3785 debebant
909 3738 939 3784 e.
953 3738 985 3801 g·
1010 3717 1120 3784 Germ.
1138 3732 1250 3781 nxnr.

148 3822 204 3888 88.
218 3843 239 3887 e
253 3820 357 3889 Festo
372 3838 477 3887 nxvr.
491 3842 528 3905 p.
543 3822 618 3886 419.
632 3821 741 3904 Dec.;
763 3840 913 3906 qnaerere¹
926 3824 1037 3885 utrum
1051 3818 1161 3885 Germ.
1179 3834 1202 3881 ι.
1216 3818 1249 3883 2.

149 3943 194 3990 ex
217 3925 414 3990 auctoritate
433 3923 535 3989 Marii
549 3922 716 3988 Victorini
740 3920 791 4008 (p.
805 3921 881 3986 204.
898 3915 1117 4002 Commelin.)
1137 3924 1173 3984 et
1186 3919 1252 3984 Te-

149 4026 291 4093 rentiuui
305 4024 419 4090 Mauri
433 4024 493 4111 (de
509 4024 628 4090 Metris
638 4043 672 4109 p.
687 4025 785 4092 2440.
797 4024 820 4089 l.
836 4024 890 4089 24.
906 4017 1062 4105 Putscb.)
1072 4021 1250 4104 legendnm

149 4127 195 4193 sit
208 4125 311 4208 aedo,
326 4146 370 4193 au
384 4126 565 4195 secuudum
581 4127 689 4195 Servii
703 4127 765 4215 (ad
781 4127 858 4192 AEn.
874 4127 959 4202 xri.)
972 4127 1007 4186 et
1020 4121 1250 4189 Fortunatiaui
