2774 4702
525 348 556 394 (l.
579 346 736 394 vannat!
762 347 928 396 OA'l'Ubbl

390 488 546 572 Namque
560 489 655 555 Julia
673 488 813 569 Manlio,

390 587 509 667 Qualis
525 588 667 654 Idalium
682 591 795 655 colens

390 690 496 755 Venit
511 692 555 756 ad
571 693 752 777 Phrygium
767 693 884 758 Venus

390 792 414 855 J
415 791 561 871 udicem,
577 794 665 857 bona
681 812 756 856 oum
769 794 861 858 bona

433 893 541 958 Nubit
556 895 635 958 alite
651 895 764 976 virgo:

391 994 536 1058 Floridis
550 997 642 1060 velut
656 995 784 1060 enitens

390 1096 524 1180 Myrtus
540 1096 627 1160 Asia
641 1096 791 1174 ramulis,

391 1197 489 1275 Qiros
505 1199 762 1282 Hamadryades
778 1200 861 1265 Dcae

387 1299 566 1364 Ludicrum
580 1300 645 1365 sibi
659 1301 792 1365 roscido

432 1399 756 1466 Nutriuntbumore.

390 1499 505 1579 Quare
522 1521 594 1584 ago,
608 1502 674 1566 buo
690 1501 818 1566 aditum
831 1501 939 1568 serens

173 1699 261 1762 puella,
278 1696 342 1754 talia,
359 1698 437 1761 qualia
450 1696 528 1752 Vanus
537 1697 641 1747 Idaliam
660 1699 770 1748 babitans
787 1698 883 1747 accessit
901 1699 933 1747 ud
943 1699 1066 1763 Phrygem
1081 1697 1206 1758 arbitrum,
1222 1715 1277 1750 cura

142 1766 144 1771 '
169 1762 283 1822 felicibus
301 1761 382 1811 avibus
402 1764 474 1810 datur
489 1768 588 1824 nuptam
598 1763 709 1820 Manlio5
725 1767 836 1824 tunquam
847 1767 941 1825 myrtae
949 1763 1009 1812 Asia
1024 1764 1125 1812 emineas
1141 1767 1215 1814 rumis
1224 1773 1279 1813 oet-

174 1825 291 1889 aaatibua,
308 1840 364 1890 quoa
375 1825 556 1888 Hamadryades
565 1826 638 1875 Dioae
649 1828 680 1875 ad
691 1826 865 1876 oblectationem
880 1828 948 1876 alant
964 1827 1053 1890 liquore
1065 1829 1192 1879 conclamo.
1226 1830 1277 1877 Eia

634 1963 813 1986 ummo

175 2069 203 2114 ct
213 2062 360 2124 vulpeum
372 2070 440 2128 optt.
452 2062 511 2114 edd.
529 2063 615 2114 Lirin.
627 2065 705 2115 etiam
733 2063 825 2113 robata
833 2069 947 2114 ost-16
958 2061 991 2114 In
999 2065 1128 2115 nonnullis
1137 2063 1198 2114 add.
1208 2070 1276 2114 vett.

175 2127 245 2176 Jalia
262 2128 365 2185 Multim-
386 2130 413 2177 iu
431 2128 547 2178 omnibus
567 2129 635 2179 Stat.
654 2079 731 2177 cudi
751 2129 900 2178 dania-2⁰
918 2129 948 2178 In
969 2130 1036 2178 Stat.
1055 2128 1130 2179 codd.
1149 2126 1276 2178 Nubat.-

175 2194 209 2240 22
225 2191 324 2255 Myrtus
330 2193 387 2253 aglu
396 2193 421 2240 in
432 2193 523 2243 Venet.
535 2198 561 2241 ct
578 2193 616 2242 sic
631 2191 725 2240 ePlin.
737 2191 772 2239 H.
785 2193 821 2243 N.
840 2205 888 2242 xv,
898 2196 940 2241 29.
952 2192 1089 2255 legendum
1102 2206 1202 2257 quoque
1214 2206 1277 2241 cen·

174 2261 219 2305 aet
228 2256 348 2304 Ramirez
357 2256 391 2305 da
401 2256 488 2305 Prado
508 2256 541 2304 ad
559 2255 713 2319 Luitprandi
723 2255 816 2304 Cliton.
827 2271 868 2304 au·
879 2269 999 2306 ncxxrrr.
1016 2257 1089 2318 bagis
1102 2263 1143 2306 est
1153 2256 1179 2304 iu
1191 2270 1277 2320 marg.

174 2316 218 2368 ed.
233 2319 336 2382 Grypb.
357 2335 401 2383 ap.
421 2321 567 2369 Duum-25
591 2319 622 2367 Iu
643 2319 702 2367 edd.
717 2324 782 2368 vett.
803 2320 923 2369 Nutriant
944 2320 971 2368 ia
992 2319 1096 2382 tumore,
1111 2319 1277 2382 improbante

175 2379 271 2431 Araut.
279 2383 449 2447 (primaeuim
460 2385 485 2433 iu
497 2384 590 2432 tumore
600 2380 773 2447 producitur,)
795 2383 870 2446 cujus
881 2383 1037 2446 emendatio,
1049 2385 1169 2432 Nutriant
1180 2384 1278 2434 iuniore

175 2451 287 2508 recepta
303 2454 345 2496 est
363 2447 388 2496 in
398 2447 459 2497 Ald.
474 2451 498 2498 2.
510 2448 609 2512 Grypb.
625 2448 695 2496 Mur.
705 2447 774 2496 Stat.
786 2452 814 2495 et
826 2454 938 2496 recenti.
950 2461 1075 2522 quamque
1087 2447 1164 2496 etiam
1177 2453 1277 2497 testan-

176 2515 220 2559 tur
230 2511 346 2559 nonnulli
365 2512 432 2560 Stat.
443 2511 519 2561 codd.
538 2512 565 2559 in
576 2510 633 2560 aliis
651 2510 766 2573 ejusdem
786 2509 862 2559 codd.
879 2518 907 2560 ut
919 2517 946 2560 et
958 2525 984 2558 ru
997 2509 1056 2559 Ara.
1074 2515 1098 2560 1.
1115 2511 1236 2560 Nutriant
1250 2511 1279 2560 ira

175 2572 261 2622 aaron
267 2589 278 2632 ,·
288 2575 314 2623 in
326 2589 407 2638 marg.
423 2576 465 2625 ed.
476 2576 577 2639 Grypb.
591 2590 633 2638 ap.
643 2577 723 2624 Doer.
745 2573 771 2622 ia
781 2576 869 2629 auare,-
889 2589 947 2636 quae
966 2573 1032 2622 bina
1045 2575 1106 2624 lect.
1115 2574 1184 2624 haud
1196 2574 1278 2624 dubie

175 2635 304 2702 profecta
316 2639 419 2689 suntab
431 2640 589 2702 auctoribus,
600 2639 643 2703 qui
660 2637 811 2702 spondaeum
833 2653 881 2700 pro
892 2637 998 2700 dactylo
1015 2639 1128 2701 positum
1140 2637 1211 2688 ferra
1221 2653 1276 2688 non

670 2797 778 2850 NO'l'AE

175 2913 251 2974 gunt,
259 2910 445 2973 Pineum,nullo
455 2911 615 2961 incommodo
625 2928 633 2973 ;
644 2926 702 2960 nam
743 2911 792 2959 Est
802 2909 865 2959 item
875 2923 964 2959 nemus
976 2908 1001 2958 in
1013 2907 1104 2958 eadem
1123 2907 1213 2959 Insula
1223 2911 1278 2961 Ve-

175 2987 703 3051 et‘pineas’et‘spineas’taedasfuissein
742 2985 931 3035 ueridicatum.

172 3065 271 3128 nuptiis
280 3062 526 3116 adhibitasconstat.
542 3062 704 3126 De‘pineis’
776 3065 807 3110 ta
823 3059 1009 3124 Asparagium
1019 3059 1139 3124 duodicem]
1172 3061 1278 3114 Illeeat

107 3142 113 3154 '
174 3130 361 3189 ¹nibildubium.
393 3138 703 3202 De‘spincis'Plin,lib.
743 3137 818 3186 Paris
836 3136 935 3185 Priami
954 3135 1029 3200 tilius,
1046 3136 1079 3185 ad
1097 3151 1175 3201 quem
1192 3136 1276 3200 Juuo,

107 3214 112 3233 ⁸
174 3212 702 3278 nnnc.ld‘Spinanuptiarumfacibus
742 3213 873 3276 Minerva,
889 3219 917 3262 et
930 3214 1017 3262 Vanus
1038 3218 1220 3275 accesserunt3
1245 3220 1277 3265 ut

173 3289 388 3353 auspicatissimo,
414 3290 532 3354 quoniam
552 3288 612 3337 inde
633 3287 701 3337 fece·
743 3289 870 3338 creditum
892 3288 974 3351 ipsius
991 3288 1091 3350 judicio
1109 3303 1215 3356 pomum
1232 3302 1277 3339 au·

173 3373 236 3415 aaut
247 3374 363 3430 pastores
373 3366 418 3431 qui
427 3365 535 3414 Sabinas
544 3363 703 3427 rapuerunt!
742 3364 910 3412 rcnmbarum
923 3363 1062 3426 pulchriori
1070 3363 1274 3427 adjudicaretur.

173 3440 267 3490 Festus
288 3448 417 3504 praterea
446 3442 493 3503 ait,
519 3441 652 3489 ‘Patrimi
675 3445 703 3488 et
775 3444 808 3488 22
824 3440 923 3502 Myrtus
933 3437 1004 3502 Auia]
1022 3437 1145 3489 Asiaboc
1158 3441 1275 3490 lucono-

172 3516 286 3565 matrimi
306 3520 456 3579 pretextati
484 3524 537 3566 tres
562 3518 702 3567 nubentem
742 3514 1275 3580 menpaludisiuMysiapropeCaystrum

173 3591 323 3643 deducunt:
345 3606 418 3652 unus,
428 3593 472 3656 qui
490 3593 574 3642 facem
596 3593 703 3657 praefert
741 3589 857 3652 flurium,
868 3604 944 3653 aquo
955 3590 1053 3639 viciuos
1064 3603 1170 3653 campos
1190 3590 1199 3620 ‘
1211 3590 1275 3640 Asia

173 3681 189 3717 a
209 3665 284 3730 spina
301 3666 369 3728 alba,
388 3669 449 3731 quia
465 3673 544 3716 noctu
561 3670 702 3730 nubebant,
742 3665 835 3731 prata’
845 3666 970 3730 Virgilius
989 3667 1141 3730 appellarit.
1179 3665 1275 3718 Iubae

174 3742 226 3794 dno
246 3742 290 3807 qui
309 3748 401 3792 teuent
419 3742 579 3792 nubentem!
620 3746 701 3795 Vides
741 3743 848 3806 regione
867 3739 1013 3791 felicissime
1032 3741 1155 3805 provenit
1165 3748 1275 3805 myrtus,

173 3818 333 3883 pracipuam
355 3815 440 3868 facem
460 3819 601 3881 nuptialem
622 3819 701 3869 fuisse
741 3819 818 3868 arbor
828 3817 1001 3882 pulcherrima
1018 3817 1094 3866 simul
1111 3823 1140 3867 et
1159 3817 1276 3881 gratisd·

173 3894 329 3958 ‘spineam’
351 3909 410 3959 quae
427 3894 478 3944 vim
497 3893 592 3943 habere
612 3894 702 3944 crede·
741 3909 792 3944 ma.

172 3968 524 4020 baturarerruncaudimali.
550 3969 616 4018 Vide
624 3970 701 4020 oud.
773 3973 805 4018 28
828 3967 1020 4033 Hamadryades]
1048 3967 1275 4032 Nymphaeum,

174 4042 298 4094 Fastvr.
629 4052 639 4063 ·
741 4058 869 4108 quaecum
886 4044 1020 4094 arboribus
1035 4050 1186 4106 nascuntur,
1196 4049 1225 4092 et
1235 4042 1276 4092 iu·

171 4180 175 4185 .
208 4120 240 4165 17
256 4119 454 4183 Idaliamcoleas]
481 4119 701 4183 Idaliumcstop·
741 4125 855 4169 teraont.
888 4118 1086 4184 Hamadryades
1096 4118 1140 4169 bic
1149 4132 1198 4184 pro
1209 4118 1277 4173 Nai-

174 4189 264 4255 pidum
281 4193 375 4246 Insula
391 4196 470 4261 Cypri
480 4195 578 4247 Veneri
589 4208 701 4247 sacrum.
742 4193 833 4246 adibus
843 4194 886 4246 vel
896 4195 1003 4262 Napata
1014 4193 1109 4259 posuit.
