2774 4702
491 337 522 383 G.
547 335 703 383 VALERH
728 328 892 384 ceruum

357 475 491 541 Nomen
503 496 591 543 esse:
614 475 673 542 sed
687 475 838 541 indidem

400 577 536 660 Semper
549 577 745 660 ingenerari.

356 679 561 761 Torquatus,
573 679 662 756 volo,
676 677 835 762 parvulus

356 780 478 844 Matris
493 800 511 843 e
529 781 654 862 gremio
669 799 741 844 suee

356 882 533 964 Porrigens
547 889 678 947 teneras
692 899 823 957 munus,

357 983 466 1049 Dulce
482 983 586 1048 rideat
599 983 644 1047 ed
659 989 798 1066 patrem,

399 1085 601 1150 Semihiaule
614 1084 749 1148 labello.

357 1186 408 1251 Sit
422 1208 484 1251 suo
500 1187 618 1252 similis
632 1186 721 1269 petri

357 1288 501 1367 Manlio,
514 1294 547 1353 et
559 1287 659 1352 facile
671 1286 789 1350 insciis

352 1389 551 1471 Noscitetur
567 1390 610 1454 ab
625 1389 791 1466 omuibus,

355 1492 398 1556 Et
411 1491 607 1576 pudicitiam
622 1511 695 1556 suae

399 1591 520 1657 Matris
536 1591 665 1657 indicet
679 1612 746 1657 ore.
1111 1598 1113 1601 ’
1178 1589 1246 1654 225

135 1754 200 1820 filiis
216 1759 295 1804 sture:
324 1760 351 1804 ut
372 1755 448 1807 decet
476 1757 561 1806 exinde
582 1755 666 1806 stetim
682 1755 811 1819 promturi.
845 1755 922 1820 Cupio
939 1761 970 1806 ut
983 1757 1096 1832 pmnlus
1114 1755 1247 1818 Torquatus

141 1819 222 1868 molles
231 1821 359 1869 extendens
368 1835 451 1870 monus
465 1835 479 1870 e
494 1821 548 1870 dnn
564 1835 613 1869 sero
629 1823 746 1884 parentis,
762 1821 845 1870 blondo
861 1822 928 1884 putri
937 1823 1044 1870 umdeot
1052 1819 1186 1870 semihiulco
1196 1834 1246 1869 ore.

141 1882 183 1931 Sit
193 1896 258 1946 puer
268 1899 309 1932 suo
326 1883 392 1946 petri
403 1884 496 1933 Manlio
507 1885 603 1946 similis,
618 1900 646 1934 oc
658 1884 735 1942 focile
753 1900 769 1934 o
786 1887 877 1935 cunctis
894 1886 971 1934 etism
987 1883 1144 1934 nescientibus
1158 1881 1245 1948 ipsum

140 1960 199 1996 esse
211 1947 303 1997 Manlii
314 1947 395 1997 tilium
409 1954 561 2012 agnoscatur,
571 1954 642 2012 utque
650 1951 716 2000 outo
731 1964 777 1998 suo
790 1951 885 2014 pudico
895 1947 984 2010 resmul
1000 1948 1107 2012 parentis
1115 1963 1164 1998 snee
1173 1948 1246 1998 coeti·

775 2053 780 2063 ι

602 2077 784 2097 W

142 2157 301 2220 respondens
317 2155 423 2210 luditei’
447 2160 611 2208 θυεμ-220
627 2159 659 2209 In
677 2161 784 2210 Veneti.
795 2158 869 2209 Brix.
881 2159 987 2210 Vieeut.
998 2166 1026 2209 et
1037 2158 1156 2209 omnibus
1167 2156 1244 2209 codd.

139 2220 188 2270 Sed
197 2222 256 2271 mili
266 2227 321 2271 oute
328 2238 339 2280 ,·
361 2224 455 2273 Arent.
464 2223 563 2274 emend.
579 2223 627 2274 Sed
638 2225 738 2274 osmonte
744 2241 754 2281 ,·
766 2224 819 2288 eiii,
830 2224 878 2273 Sed
889 2224 992 2285 nicunte,
1002 2224 1054 2285 uel,
1062 2223 1152 2274 niente.
1169 2225 1245 2272 Lect.

141 2293 231 2336 nostro
242 2285 351 2337 debetur
359 2287 464 2352 ingenio
475 2288 690 2352 scaligeri-222
707 2290 796 2340 Burm.
813 2303 845 2338 11.
864 2288 898 2337 ed
909 2287 1017 2339 Authot.
1028 2289 1099 2340 Tem.
1111 2302 1131 2338 1.
1146 2303 1174 2353 p.
1186 2291 1245 2337 8⁰5.

643 2443 751 2494 NOTAE

139 2550 246 2605 historie
256 2552 324 2619 opud
334 2554 443 2606 Livium.
709 2558 764 2622 ejus
775 2555 841 2606 filius
852 2559 959 2619 putetur
969 2567 1028 2604 esse
1044 2551 1125 2602 etiam
1136 2542 1187 2600 uon
1200 2565 1244 2616 eg·

171 2633 222 2681 214
239 2629 287 2709 uSJed
302 2631 407 2681 indidem
418 2632 515 2696 Semper
524 2631 670 2696 ingenerare]
708 2633 786 2700 nitus.
800 2674 805 2682 .
819 2630 938 2696 Indeque
947 2637 977 2679 ut
988 2630 1025 2679 eit
1036 2628 1130 2678 Horat.
1139 2641 1179 2678 lv,
1189 2625 1243 2677 Od.

139 2705 200 2756 Hoc
211 2714 262 2769 est,
281 2721 314 2757 ex
333 2707 425 2757 eodem
445 2708 511 2769 loeo,
523 2715 551 2756 et
571 2707 669 2758 semilis
708 2713 734 2758 5.
745 2711 753 2736 ⁴
763 2707 912 2757 Laudentur
920 2706 997 2755 simili
1009 2705 1081 2768 prote
1091 2703 1247 2769 puerpera?

139 2782 218 2833 decet
238 2782 334 2833 liberos
356 2785 498 2847 procreari,
518 2791 547 2833 ut
565 2784 668 2848 tongam
708 2782 832 2831 Mulieres
843 2781 911 2831 euim
928 2780 1080 2846 pierumque
1099 2779 1204 2842 pariunt
1215 2779 1245 2828 li·

139 2857 245 2910 seruilia
256 2859 448 2924 Torquetorum
467 2861 560 2911 seriem
571 2863 669 2927 possint
708 2857 786 2907 beros
796 2859 891 2908 similes
901 2857 944 2918 iis,
963 2871 997 2906 ex
1012 2854 1105 2921 quibus
1116 2869 1245 2919 concepe-

139 2940 282 2995 aeternore2
709 2940 778 2983 runt.
810 2933 854 2982 Sic
864 2931 936 2986 Juliu
946 2929 1058 2994 Augusti
1072 2928 1128 2979 fiiis
1139 2943 1245 2995 semper

172 3013 222 3059 ete
248 3010 458 3073 rememoro,
472 3011 595 3076 porrulos]
628 3013 671 3064 sto
709 3007 776 3058 titios
797 3008 925 3072 Agrippae
953 3006 1050 3056 similes
1072 3005 1243 3068 procreavit-t

139 3083 209 3148 epud
220 3083 314 3148 Virgil.
331 3085 401 3136 Dido
418 3094 493 3151 optat
509 3103 616 3153 pervum
626 3090 670 3138 AE·
709 3085 778 3149 quod
796 3100 854 3134 eum
870 3083 986 3134 nonnulii
1008 3083 1065 3146 ejus
1084 3079 1244 3145 flagitiorum

139 3172 229 3208 neum:
250 3158 299 3208 ‘Si
317 3158 374 3223 quis
393 3161 457 3210 mihi
474 3164 595 3226 purvulos
611 3164 670 3214 auis
710 3167 738 3210 et
761 3159 930 3225 impudicitiae
953 3158 1050 3208 conscii
1074 3157 1243 3219 mirarentur,

140 3233 256 3285 Luderel
268 3232 380 3284 AEnecs!
709 3233 840 3286 festiviter
851 3233 1002 3299 respoudit:
1018 3234 1027 3263 ‘
1039 3233 1181 3296 Nunquam
1192 3230 1244 3280 nisi

170 3314 220 3362 219
245 3311 323 3360 Dulce
340 3311 418 3361 rident
438 3313 470 3362 od
486 3312 593 3376 putrem]
624 3314 669 3366 Its
710 3306 1098 3375 pleuenevitolloveetorem!
1132 3307 1243 3358 Quoue-

139 3385 273 3451 Virgii.iu
288 3384 423 3436 Pollione:
449 3385 570 3452 ‘lucipe,
590 3405 670 3453 parve
710 3382 1038 3453 benedictosignifieubut
1055 3397 1083 3432 se
1101 3396 1154 3431 nou
1171 3383 1244 3447 prius

137 3475 214 3527 puer,
223 3462 277 3511 risu
288 3475 443 3524 cognoscere
452 3469 579 3515 matrem!
603 3466 671 3516 Boni
712 3462 835 3511 sdutteris
847 3466 1007 3524 potestatem
1019 3458 1058 3508 sui
1077 3458 1196 3521 eorporis
1206 3457 1245 3507 fa·

138 3539 268 3600 preterea
276 3535 367 3585 ominis
381 3537 511 3599 putabunt
518 3536 631 3590 Veteres
642 3542 670 3591 in
711 3551 780 3601 cere,
790 3551 866 3602 quem
876 3550 909 3586 ex
921 3535 1014 3586 merito
1024 3532 1097 3584 fecte
1108 3541 1178 3584 esset
1185 3549 1245 3600 grs-

137 3607 238 3658 iufunte
248 3621 316 3669 esse,
325 3609 347 3657 si
357 3609 484 3662 arrideret
496 3611 528 3661 sd
540 3620 652 3677 patrem.
708 3612 776 3661 vida.

169 3686 219 3735 22⁰
236 3681 485 3749 demitiostelolello]
500 3686 601 3752 Aperte
613 3703 668 3755 ore,
740 3690 789 3738 224
807 3685 1025 3754 Pudicitiurnsooe
1043 3683 1136 3734 Matris
1155 3684 1247 3736 indicet

134 3758 211 3827 quusi
221 3756 317 3825 ailquid
327 3759 399 3823 loqui
412 3761 483 3812 velit.
707 3764 759 3828 ore]
775 3762 819 3812 Sic
831 3763 911 3812 etism
920 3760 1036 3810 Martial.
1045 3759 1090 3809 lib.
1100 3773 1140 3810 vr.
1151 3761 1246 3826 Epigr.

169 3841 217 3888 etl
236 3835 276 3886 Sil
286 3842 328 3885 leo
338 3835 423 3884 similis
433 3837 512 3902 putre]
544 3837 629 3903 Optat
640 3847 670 3892 ut
708 3842 749 3889 nt.
760 3840 767 3868 ¹
778 3839 818 3888 En
830 3837 954 3902 tibique
964 3835 1042 3900 patrii
1053 3835 1247 3899 signeturims·

137 3912 205 3965 adeo
222 3912 311 3965 similis
330 3918 453 3962 noscetur
474 3912 541 3964 tilius
560 3915 671 3980 Manlio,
709 3914 768 3979 gine
779 3912 971 3976 vuitns‚'l'estis
983 3917 1108 3962 materne
1122 3919 1186 3962 nuto
1197 3927 1246 3976 pu·

47 4044 49 4049 ,
136 3995 167 4038 ut
178 3989 285 4055 quisque
296 3987 376 4039 etiem
393 3989 670 4052 neseieuestatimst-
708 3989 824 4040 dicitius!
861 3990 1006 4040 Puerorum
1025 4002 1136 4052 nemque
1156 3989 1246 4040 vultus

55 4112 61 4119 ,
138 4078 189 4128 que
216 4063 300 4130 ipsum
323 4064 428 4128 viderit,
452 4066 546 4117 credet
568 4069 670 4119 omuino
710 4065 903 4114 similitudinem
921 4069 1059 4128 parentum
1077 4063 1245 4128 refermus·

138 4151 197 4187 enm
214 4151 271 4188 esse
292 4137 374 4189 fitium
392 4139 493 4192 Manlii.
531 4142 582 4194 Qui
599 4143 668 4194 euim
708 4146 864 4206 pertumest
878 4145 1002 4191 meternes
1019 4138 1247 4205 pudicitintesti·

101 4210 113 4231 ⁸
137 4226 184 4266 ore
192 4212 479 4282 similitudinemustris
489 4215 581 4281 refert,
592 4230 667 4271 verus
707 4213 833 4266 monium.
