2774 4702
145 274 211 341 280
490 291 521 337 c.
544 287 702 336 venenu
731 288 899 338 cnuuaur

148 431 294 498 Difficile
307 440 360 497 est
373 431 506 514 longum
520 432 632 495 subito
649 430 812 513 deponere
826 449 989 495 amorem:

190 533 335 598 Difficile
348 540 419 599 est:
442 552 556 596 verum
570 531 634 594 hoe
648 530 805 614 qualubet
818 529 954 595 efficies.

146 633 224 698 Una
238 634 414 727 salusheec
428 638 493 709 est,
507 632 572 696 hoe
587 632 716 696 esttibi
731 631 993 714 pervincendum.
1201 633 1246 698 15

189 734 267 797 Ηοο
282 733 397 812 facies,
412 733 483 796 sive
497 732 531 796 id
544 751 610 796 non
627 738 716 813 pote,
731 733 804 796 sive
819 737 906 814 pote.

145 831 176 895 0
193 832 251 910 Di,
264 834 294 897 si
309 838 452 899 vestrum
467 839 517 897 est
531 833 691 907 misereri,
708 837 766 895 aut
781 833 946 915 siquibus
960 849 1108 915 unquam

188 932 349 999 Extrema
357 936 430 1019 jam
444 935 522 1016 ipsa
534 934 571 996 in
584 938 689 997 morte
705 933 832 998 tulistis
846 951 962 1016 opem3

145 1033 205 1098 Me
221 1036 377 1099 miserum
391 1034 544 1118 aspicite,
559 1040 595 1098 et
608 1035 638 1097 si
652 1034 754 1096 vitem
769 1033 891 1116 puriter
905 1032 970 1113 egi,

188 1135 316 1218 Eripite
330 1136 415 1198 hanc
430 1139 558 1218 pestem
573 1133 822 1217 perniciemque
835 1133 929 1209 mihi,

145 1235 233 1315 Quee
248 1236 328 1299 mihi
343 1237 524 1319 subrepens
539 1236 638 1312 imos,
653 1240 690 1298 ut
703 1240 826 1317 torpor,
842 1234 877 1298 in
891 1237 991 1310 artus,

186 1335 331 1421 Expulit
345 1356 389 1400 ex
404 1336 494 1399 omni
508 1342 643 1419 pectore
656 1336 804 1401 laetitias.

141 1531 271 1581 unkntilsus
286 1546 361 1582 cessas
371 1546 420 1580 esse
434 1530 541 1591 infelix?
572 1531 680 1597 Difficile
687 1536 722 1581 est
733 1536 761 1580 et
772 1531 880 1580 arduum
890 1534 985 1593 tepente
996 1527 1095 1589 alp'icm
1105 1528 1245 1578 diuturnum

143 1611 254 1645 amnem.
286 1595 317 1644 ld
335 1595 453 1660 equidem
469 1598 569 1645 arduum
584 1601 619 1644 est
626 1612 637 1654 ,·
660 1597 702 1644 sed
716 1595 783 1644 istud
798 1609 937 1658 quocumque
952 1594 1052 1642 nolueris
1064 1597 1142 1656 pacto,
1152 1591 1244 1652 facim.

145 1661 219 1708 Unica
230 1659 275 1708 tili
290 1663 396 1721 superest
412 1661 459 1708 ista
470 1660 554 1708 saluis
564 1660 617 1708 nia.-
634 1661 699 1708 istud
713 1660 794 1721 igitur
809 1664 845 1707 est
861 1657 906 1706 tili
921 1659 1093 1720 complendum:
1110 1662 1189 1718 atque
1206 1657 1245 1705 ita

139 1724 201 1772 illud
211 1723 304 1787 efficies,
313 1723 361 1772 eine
372 1723 432 1772 illud
441 1725 527 1786 pessit,
535 1724 584 1771 siue
594 1737 641 1772 non
649 1721 796 1787 pessitfieri.
832 1723 855 1768 0
872 1721 967 1782 Superi,
976 1721 997 1769 ei
1007 1727 1111 1769 vaurum
1125 1725 1161 1768 est
1172 1721 1243 1768 mue·

139 1801 236 1848 reicere,
246 1788 283 1836 nel
297 1787 320 1834 ai
330 1789 389 1849 quod
404 1788 460 1836 ullis
471 1801 573 1850 unquam
590 1786 722 1835 luminibus
732 1799 864 1848 supremum
873 1785 989 1833 auxilium
1004 1783 1140 1847 praduistis
1153 1784 1179 1832 in
1190 1784 1244 1846 ipsa

139 1856 223 1912 nerle,
233 1852 310 1899 aculae
319 1851 345 1898 in
353 1865 389 1899 nse
402 1851 518 1910 infelicem
526 1850 663 1911 convertite,
673 1865 702 1898 ae
711 1850 733 1898 si
742 1848 889 1908 nitamp'aete
897 1852 923 1897 et
931 1848 970 1910 pie
979 1847 1049 1909 duni,
1060 1847 1170 1910 depellite
1179 1863 1196 1896 a
1206 1862 1245 1896 me

139 1916 210 1962 mam
221 1915 284 1962 luent
300 1918 323 1962 et
339 1914 509 1963 calamitatem:
525 1929 576 1976 quse
591 1913 649 1961 mili
665 1915 766 1962 latenter
781 1914 888 1974 irrepente
906 1912 933 1960 in
948 1911 1033 1960 intima
1049 1911 1161 1972 mantra,
1176 1911 1244 1974 quasi

139 1981 232 2041 torpor,
236 1976 337 2038 fugavit
346 1992 377 2026 ecc
387 1981 437 2026 toto
444 1977 522 2026 animo
530 1991 580 2026 mea
588 1976 687 2036 gaudia.
721 1977 777 2025 Non
785 1980 840 2039 peto
849 1990 911 2024 nunc
917 1975 990 2039 idad,
996 1980 1023 2024 ut
1032 1974 1117 2025 ledia
1127 1989 1165 2024 sne
1174 1988 1243 2042 nune
1304 2035 1316 2055 .

606 2101 783 2122 mm

140 2196 215 2261 num)
223 2200 325 2263 offirmas
336 2199 423 2263 itaque,
432 2200 590 2264 instructoque
600 2198 712 2250 resistat
728 2200 774 2250 sed
785 2199 859 2250 dedit
870 2200 897 2249 iu
912 2204 988 2249 textu
1001 2199 1066 2254 Quin
1076 2203 1100 2247 te
1105 2215 1116 2256 ‚·
1134 2199 1240 2249 Marcii.

144 2262 267 2326 placebat
280 2263 346 2318 Quin
356 2265 501 2340 ‘inanimum
510 2265 750 2339 olfirnsasitaque,in
826 2279 850 2312 m
866 2261 976 2339 reducis?
992 2264 1056 2312 Mel.
1074 2264 1142 2339 Quin
1152 2268 1180 2311 tu
1189 2265 1243 2312 ani·

143 2327 853 2459 dttltwtttutltl‘tt‘t‘trlit·
872 2327 1246 2454 titf‘l‘tttttnlda

145 2455 209 2510 Quin
216 2459 241 2504 te
250 2455 329 2504 anime
344 2457 456 2525 affirmas,
466 2461 534 2519 teque
544 2457 701 2518 instinctuque
710 2453 821 2505 ruunt
847 2456 917 2505 Mur.
930 2456 995 2513 Quin
1005 2461 1029 2504 te
1040 2454 1119 2503 anime
1129 2455 1244 2518 arpena,

139 2522 207 2581 teque
222 2520 380 2583 annnguque
398 2521 540 2584 rediuisque·
572 2521 716 2570 ‘Nostram
733 2520 797 2569 leet.
816 2519 885 2568 haud
896 2527 969 2569 certe
982 2518 1168 2568 incommedum
1180 2517 1244 2568 otie-

139 2590 202 2630 runt
211 2582 271 2633 edd.
283 2585 390 2647 Rephel.
401 2585 488 2634 Grau.
502 2585 578 2633 Cant.
589 2585 663 2634 Gott.
674 2591 703 2633 et
716 2583 775 2645 Bip.
796 2584 847 2632 nisi
867 2583 937 2648 quod
954 2585 1055 2647 qplrnrae
1073 2596 1121 2645 pre
1138 2583 1244 2646 affirmas

141 2644 273 2706 dedimus;
284 2649 356 2697 etsie
368 2648 395 2696 in
406 2647 452 2698 Sil.
464 2648 525 2697 Ital.
538 2661 590 2699 ιιι.
601 2652 658 2697 668.
669 2662 717 2711 pro
733 2645 894 2696 ‘affirmans'
913 2661 973 2697 cum
984 2647 1019 2696 N.
1032 2645 1141 2695 Heinsio
1155 2647 1245 2708 legen·

140 2709 200 2759 dum
210 2710 313 2760 videtur
322 2713 330 2740 ⁴
338 2709 499 2761 affirmans.''
514 2712 654 2761 Dosa-14
672 2711 704 2759 lu
714 2713 823 2760 Venett.
834 2726 913 2760 nerum
924 2712 967 2759 lsac
976 2711 1037 2773 prad
1046 2709 1244 2773 ludwicus.-

140 2777 172 2822 16
189 2774 244 2822 Hac
252 2775 309 2833 sace
318 2776 352 2824 sis
361 2776 411 2824 sine
421 2776 488 2839 conj.
499 2776 566 2825 Scal.
594 2777 650 2824 Hoc
660 2775 739 2833 facita
755 2777 831 2824 Voss.
846 2782 874 2824 et
883 2776 1028 2837 vulp-18
1044 2774 1076 2822 In
1086 2774 1183 2822 Venet.
1197 2787 1241 2823 an.

140 2841 212 2886 1500.
221 2838 369 2899 ipsam-21
382 2838 413 2886 In
423 2840 540 2887 omnibus
550 2839 617 2887 Stat.
626 2845 654 2887 et
663 2840 730 2887 Seel-
737 2839 814 2888 codd.
830 2838 878 2888 Seu
887 2839 946 2887 ntilsi
952 2839 1080 2900 subrepens
1086 2837 1145 2885 imos
1155 2841 1183 2884 ut
1190 2851 1242 2885 eer-

136 2901 232 2963 parein
247 2906 329 2958 artus,·
351 2901 378 2949 in
397 2902 471 2950 Voss.
488 2909 541 2950 vet.
555 2902 572 2950 l.
601 2901 661 2956 Qua
679 2901 738 2951 milei
749 2903 873 2964 subrepens
884 2905 943 2950 imos
958 2901 1153 2962 nelutanguisin
1164 2905 1241 2960 anus,

139 2963 208 3026 quod
220 2963 404 3075 interpplaturn
415 2971 493 3027 putat
505 2967 587 3013 Doer.
610 2965 677 3014 Stat.
688 2966 758 3027 conj.
776 2966 839 3014 Hac
855 2967 915 3019 niti
924 2967 1048 3029 subrepens
1058 2965 1117 3014 imas
1127 2965 1242 3026 incerpn·

121 3027 174 3093 uris
184 3032 267 3083 artus,·
320 3027 352 3075 el.
369 3026 427 3076 Heu
436 3027 496 3076 milui
505 3027 631 3090 subrepens
647 3031 716 3090 inas,
734 3033 871 3092 rststsrpor,
887 3031 913 3079 in
931 3035 1007 3079 artua
1035 3028 1160 3078 Ndstram
1177 3027 1241 3077 leet.

138 3095 204 3139 vett.
213 3089 336 3140 librorum
348 3095 400 3139 tarn
411 3091 567 3155 scriptorum
579 3106 653 3155 quam
666 3090 820 3142 excusarunt
838 3094 994 3143 anctoritate
1005 3092 1055 3142 niti
1066 3097 1180 3141 testatur
1191 3091 1242 3142 Ed.

140 3154 278 3204 Cant-22
296 3156 397 3218 Repulit
413 3171 444 3208 ex
462 3157 538 3206 amnis
556 3156 673 3220 ἀρχαϊκῶς
685 3171 731 3221 pro
746 3157 981 3220 opsneseeuj.Stst.
1008 3156 1125 3207 exsomnis
1136 3154 1243 3206 Passer.

635 3334 745 3386 NOTAE

172 3459 204 3504 16
220 3454 368 3503 Siceidnnn
376 3455 499 3518 pete,siue
513 3457 579 3520 pute]
614 3456 669 3506 alre
709 3455 746 3518 ni,
757 3454 827 3518 quod
836 3468 937 3504 cassum
946 3453 1042 3503 lumine
1050 3453 1155 3504 fertur:

139 3531 247 3594 elueret,
259 3531 307 3579 εἴτε
317 3531 431 3582 ἀδύνατόν
440 3535 499 3584 ἐστι.
522 3535 590 3583 Pete
600 3536 669 3584 enirn
741 3534 774 3578 20
791 3528 889 3591 Eripite
898 3529 959 3578 lianc
967 3530 1069 3593 pestem]
1089 3530 1105 3590 ‚⁸
1118 3528 1244 3580 Pestenr'

139 3613 180 3656 est
199 3605 226 3654 id
245 3605 314 3668 quod
336 3605 394 3655 lieri
405 3615 506 3670 potest3
526 3623 579 3657 non
599 3614 671 3672 pete,
710 3603 836 3654 vocabant
847 3603 964 3668 Antiqui,
981 3604 1106 3669 quiequid
1122 3620 1178 3654 rear
1192 3608 1242 3657 ali·

139 3680 276 3749 qundfiari
292 3695 343 3731 non
362 3689 457 3745 potest.
490 3684 565 3733 Petis
580 3692 667 3734 autem
709 3696 786 3746 quam
805 3680 861 3732 slve
880 3681 1018 3731 animatam
1035 3681 1091 3731 sive
1102 3682 1241 3732 inanimam

139 3765 167 3808 et
183 3755 246 3822 pote
264 3756 292 3804 iu
311 3757 427 3822 quolibet
448 3772 544 3820 genere
563 3759 667 3810 dicitur.
708 3754 897 3821 pessumdaret,
916 3763 945 3806 et
960 3757 1036 3821 quasi
1052 3756 1243 3821 prosterneret.

138 3838 246 3886 Lueret.
264 3834 292 3884 in
309 3835 438 3885 communi
456 3847 553 3897 genere
571 3834 669 3896 posuit,
708 3832 812 3882 Sallust.
830 3834 887 3882 ‘Et
905 3834 927 3883 si
944 3833 1025 3897 pestis
1040 3839 1115 3883 certa
1126 3835 1242 3899 adesset,

137 3916 177 3973 ut,
192 3911 200 3939 ‘
214 3911 277 3962 Quis
296 3911 363 3976 potis
381 3917 423 3960 est
441 3910 546 3973 dignum
568 3909 668 3972 palanti
707 3924 854 3960 mansurum
865 3911 968 3975 potins,’
987 3914 1038 3960 dte.
1078 3912 1150 3975 virg.
1162 3919 1242 3965 vocat

137 3983 502 4047 pectoreeernencondere'
534 3984 667 4034 Inneutro
708 3993 807 4049 pestem
830 3987 945 4050 navium,
966 3987 1062 4051 ignem,
1089 3988 1134 4052 qui
1161 4001 1242 4038 usses

139 4061 256 4110 Catullus
268 4062 324 4126 jam
333 4075 427 4126 supra:
444 4059 515 4113 ‘Qui
528 4060 596 4123 potis
608 4061 667 4109 est?
707 4063 886 4117 combureret:
905 4063 1042 4116 ‘Servate
1054 4079 1069 4116 u
1080 4070 1157 4130 peste
1173 4067 1243 4116 cari·

137 4135 238 4202 inquis.'
271 4139 375 4190 haeret.
393 4138 470 4190 ‘Nec
483 4137 550 4203 potis
562 4142 602 4189 est
612 4151 666 4188 cer·
706 4137 766 4194 use?
