2774 4702
316 297 346 344 c.
371 297 528 346 ιιιιιιιιιιι
553 296 718 346 curuum
744 300 900 351 osnunu
925 302 1011 351 xcv.
1138 292 1202 356 431

469 582 674 648 CARMEN
707 585 847 652 XCIII.

142 779 215 828 lNii
222 780 418 843 uimiumsiudeu]
429 781 461 831 in
471 783 599 834 Caesarem
609 790 636 835 et
677 799 731 834 rem
752 785 813 835 nihil
834 785 903 835 aliud
926 801 1001 851 quam
1021 790 1143 852 vapulare
1166 791 1205 841 rai

106 855 265 904 Mamurram
277 857 400 919 scriptum
419 859 467 908 hoc
479 859 637 923 epigramma
676 859 767 924 οἰμῶξαι
772 863 862 926 jubet,
877 862 915 911 ita
925 864 967 913 hic
979 865 1041 929 quid
1054 866 1122 915 aliud
1134 867 1205 918 ride·

105 930 288 980 tetrastichon.
321 931 389 980 Nam
406 932 524 995 profecto
537 941 636 985 veteres
676 943 729 1000 tor,
746 954 821 1003 quern
839 939 910 988 circi
926 939 1202 1005 emeepoikriueroreum

105 1004 234 1054 editiones
243 1006 377 1056 Parthenii
388 1017 460 1059 recte
471 1011 515 1059 hos
527 1019 637 1075 quatuor
676 1016 761 1064 valere
779 1016 891 1077 jubere?
926 1018 1028 1067 Deinde
1046 1019 1134 1082 dirigit
1152 1034 1205 1069 ser·

104 1093 197 1127 versus
208 1081 377 1144 conjungunt,
393 1098 485 1148 nempe
502 1087 549 1135 hoc
563 1087 636 1137 disti·
676 1104 777 1138 monem
789 1091 821 1137 ad
842 1091 999 1141 Mamurram
1017 1094 1110 1158 ipsum,
1126 1110 1202 1159 quern

105 1155 173 1202 chon
185 1169 243 1204 cum
259 1159 386 1219 sequenti.
419 1161 583 1223 Epigramma
595 1170 635 1213 est
676 1164 754 1213 verbo
771 1167 895 1228 appellat,
911 1167 979 1230 quod
995 1177 1100 1219 sancius
1118 1171 1202 1220 Numa

105 1242 189 1291 prope
216 1231 298 1280 simile
328 1233 364 1301 illi
400 1234 635 1302 Hendecasyllabo,
676 1252 727 1287 non
741 1238 893 1290 nominaret.
912 1241 974 1290 Scri.

105 1307 113 1332 ‘
127 1305 238 1355 Othonis
249 1306 343 1370 caput!
377 1310 445 1361 Nam
459 1317 487 1360 ut
503 1311 540 1362 ibi
550 1311 634 1362 Caesa·

431 1588 435 1599 »
472 1554 678 1622 CARMEN
700 1560 834 1625 XCIV.

138 1765 154 1809 2
172 1762 227 1824 Ipsa
245 1765 307 1812 oleru
323 1765 368 1813 olle
384 1766 455 1829 legii]
470 1767 498 1815 Si
510 1766 558 1816 lroc
571 1783 631 1830 pro·
670 1769 834 1831 λαχανεύετιιι.
851 1771 938 1821 Simile
946 1773 1201 1834 Homericnmuleu

104 1836 220 1883 verbium
230 1838 323 1886 Graece
336 1837 481 1903 efferretur,
492 1857 541 1890 non
553 1845 632 1892 aliter
671 1846 716 1909 γὰρ
727 1845 850 1909 ἐφέλκεται
860 1847 929 1911 ἄνδρα
938 1849 1037 1914 σίδηρος.
1054 1851 1117 1901 Scul.

104 1918 204 1975 posset,
219 1926 294 1976 quam
305 1912 355 1961 ita:
374 1915 438 1972 nim
449 1915 549 1978 ἡχύτρα
560 1919 632 1981 ἑαυτῇ

480 2181 684 2248 CARMEN
708 2185 824 2249 XCV.

137 2406 151 2450 l
178 2399 291 2465 Smyrna]
319 2403 415 2453 Podma
443 2402 533 2453 Ciunae
565 2403 632 2453 vatis
671 2404 1172 2455 Intimacnisolinoiasuaextiterint!

103 2477 214 2540 Smyrna
222 2479 375 2541 inscriptum
384 2480 409 2528 in
419 2493 510 2543 magna
520 2479 633 2528 celebra·
703 2485 718 2530 3
728 2482 811 2530 Milliu
821 2497 890 2543 quum
901 2482 990 2530 intereo
997 2480 1124 2543 quingenta
1132 2480 1198 2528 Hor-

103 2553 176 2602 tione
187 2553 256 2616 apud
268 2555 385 2618 antiquos
396 2553 455 2617 fuit,
470 2569 561 2603 novem
574 2567 632 2617 per·
671 2555 770 2618 tensius]
788 2556 830 2604 De
848 2570 899 2619 quo
917 2556 996 2606 Ovid.
1012 2556 1019 2583 ‘
1038 2557 1096 2605 Nec
1113 2555 1206 2609 miuus.
1267 2587 1273 2607 .

104 2630 190 2691 petuis
202 2630 361 2679 elaboratum
373 2631 457 2679 annis:
475 2629 544 2678 uude
560 2629 634 2692 exiit,
670 2630 804 2693 Hortensi,
824 2644 872 2679 nec
894 2638 953 2680 sunt
976 2630 1058 2679 minus
1080 2629 1199 2692 improba

103 2711 134 2753 ut
153 2718 221 2766 reor,
237 2714 397 2769 praeceptum
408 2706 499 2755 Horat.
516 2706 550 2754 de
566 2705 632 2755 Arle
670 2704 744 2753 Servi
766 2705 906 2754 Carmina.’
948 2705 1049 2754 Gellius
1071 2704 1117 2753 lib.
1139 2717 1199 2754 xlx.

104 2778 181 2828 Poit.
197 2782 206 2808 ⁴
222 2794 368 2845 nonumque
387 2787 521 2844 prematur
542 2781 634 2829 in'an·
670 2795 728 2843 cap.
740 2785 765 2830 9.
781 2781 869 2830 ‘Nam
888 2780 988 2830 Laevius
1008 2779 1151 2842 implicata,
1170 2785 1198 2827 et

104 2852 184 2903 nam!
211 2854 279 2904 Nam
290 2856 435 2918 exemplum
446 2855 535 2904 Cinnae
547 2855 596 2905 hoc
607 2855 632 2904 ei
669 2856 828 2907 Hortensius
838 2856 985 2917 invenusta,
1005 2861 1033 2904 et
1044 2855 1126 2905 Cinna
1136 2853 1200 2902 inle-

104 2930 145 2980 vel
155 2929 287 2978 consilium
296 2931 337 2979 vel
347 2936 507 2993 preceptum
516 2928 632 2979 dictavit.
670 2931 742 2995 pido,
758 2939 786 2983 ct
797 2932 934 2981 Memmius
947 2930 1028 2981 dura!
1043 2930 1107 2981 Seni.

103 3005 215 3054 Videtur
227 3012 312 3055 tamen
330 3007 421 3070 poima
438 3008 576 3056 obscurum
593 3006 633 3056 fs·
703 3014 718 3058 5
736 3008 844 3070 Atracis]
862 3008 934 3071 Lege
954 3009 1045 3057 Atreis.
1077 3007 1145 3056 Vids
1165 3005 1200 3057 A·

105 3082 165 3142 isse,
182 3082 289 3144 proinde
301 3083 382 3132 Mart.
392 3084 437 3133 lib.
447 3097 476 3132 x.
494 3084 582 3147 Epigr.
592 3088 633 3133 21.
671 3083 741 3131 then.
752 3083 797 3131 lib.
810 3096 853 3130 ιιι.
866 3081 909 3131 fol.
921 3086 962 3130 61.
975 3087 1015 3130 lo.
1032 3082 1114 3130 Liuia.

104 3155 219 3219 scripsit,
239 3157 247 3184 ⁴
269 3157 364 3208 Judice
385 3164 413 3206 te
440 3158 531 3206 melior
551 3158 633 3207 Cinna
702 3157 770 3205 rAe
785 3150 863 3205 Volesi
882 3155 989 3216 curules]
1006 3155 1085 3204 Varie
1102 3156 1197 3218 legitur

104 3233 212 3282 Marone
223 3231 291 3282 fuit!
324 3234 380 3296 Ego
391 3225 546 3283 crediderim
559 3246 635 3295 argu·
671 3245 759 3280 versus
781 3231 857 3292 hujus
882 3230 963 3277 altera
989 3243 1058 3291 pars.
1101 3229 1198 3278 Noster

105 3316 219 3358 mentum
229 3310 285 3373 ejus
294 3308 373 3360 fuisse
384 3311 417 3359 de
426 3307 545 3358 nefandis
557 3315 584 3359 et
595 3309 633 3356 in·
669 3306 735 3355 liher
749 3308 783 3356 Ar
795 3305 869 3354 coluri
884 3306 980 3354 curules
994 3306 1097 3367 paduam
1105 3309 1198 3367 porteru-

105 3385 182 3433 cestis
200 3384 330 3433 amoribus
347 3385 471 3449 Myrrha,
486 3398 542 3447 quae
555 3383 634 3447 depe·
670 3386 711 3430 tur
730 3383 762 3430 cd
780 3383 863 3443 ipsum.
897 3380 1013 3428 Primum
1032 3394 1078 3442 pro
1096 3381 1199 3441 puduosr

105 3458 148 3506 riit
160 3464 260 3522 patrem
272 3474 345 3508 suum
357 3461 494 3522 Cinyram:
512 3473 569 3507 eam
584 3472 632 3522 ego
670 3455 740 3517 vide,
756 3470 789 3503 en
800 3454 924 3518 expediat
940 3455 1135 3517 opuomlcgere:
1153 3454 1198 3503 de·

104 3534 282 3595 conjecturam
300 3532 368 3584 facio
379 3549 412 3583 ex
424 3549 499 3583 versu
511 3549 561 3583 uno
574 3533 634 3597 po'e'·
670 3532 730 3581 inde
749 3546 796 3594 pro
811 3535 944 3593 portentur,
959 3534 1099 3593 precentur:
1116 3530 1197 3592 Cpro

104 3609 181 3657 matis
199 3609 277 3670 illius,
292 3625 368 3671 quem
389 3610 490 3674 profert
504 3612 631 3662 Priscian.
670 3610 700 3667 Τ,
722 3620 794 3661 more
813 3613 859 3656 aut
881 3607 967 3670 potius
988 3619 1074 3654 errore
1101 3605 1197 3655 usitato

103 3683 150 3733 lib.
162 3697 201 3733 vr.
227 3684 234 3710 ‘
254 3683 292 3732 At
313 3684 397 3732 scelus
414 3687 513 3734 incesto
529 3687 632 3750 Cinyra
670 3683 843 3742 librariorum,
858 3680 927 3744 quod
947 3695 1025 3744 rupra
1046 3680 1123 3729 toties
1145 3694 1198 3730 me·

106 3759 245 3808 crescebat
263 3760 289 3808 in
309 3757 383 3809 alvo!
415 3759 450 3807 Et
479 3773 512 3807 ea
542 3761 632 3822 Epigr.
670 3755 784 3805 minime
803 3755 957 3817 admouere;
974 3755 1043 3821 quod
1055 3757 1196 3806 etiamnum

104 3836 130 3885 in
152 3836 310 3899 castritium,
325 3837 350 3885 in
368 3849 420 3900 quo
439 3841 469 3884 ut
490 3834 524 3884 de
545 3836 631 3898 puella
670 3831 697 3879 iu
709 3833 814 3882 meliore
826 3837 899 3895 parte
911 3833 1026 3882 codicum
1042 3831 1198 3894 scriptorum

103 3910 145 3959 vel
163 3910 271 3960 muliere
289 3911 425 3961 scribitur:
442 3909 516 3958 ‘Uni
533 3908 631 3958 Castri·
670 3906 775 3969 legitur.
809 3908 844 3956 Et
855 3913 896 3956 est
916 3906 1118 3955 usitatissimae
1137 3920 1197 3955 cnm

104 3986 142 4036 tio
154 4000 181 4034 se
195 3986 292 4035 nubere
302 3987 411 4050 Smyrna
423 3985 558 4049 probavit:
577 3986 631 4034 De·
670 3982 877 4032 Tcommutatio.
894 3981 973 4043 Apus,
988 3980 1059 4043 lupun·
1076 3988 1106 4030 ut
1117 3980 1197 4031 etiarn

104 4061 180 4110 sinite
197 4061 294 4110 indocti
313 4062 430 4125 conjugIo
447 4062 513 4110 hauc
531 4067 629 4122 petere.
671 4057 829 4107 Glossarium
854 4062 947 4106 notat:
973 4058 1123 4120 pisciculum
1141 4070 1197 4106 esse

106 4137 158 4186 Soli
178 4137 301 4188 Castritio
320 4152 348 4188 se
368 4137 434 4188 dixit
449 4136 546 4188 nubere
564 4134 630 4185 velle
671 4147 756 4182 omues
779 4133 871 4182 sciunt.
914 4133 996 4182 Recte
1027 4133 1107 4195 igitur
1138 4146 1199 4205 curn
