<?xml version="1.0" encoding="UTF-8"?>
<!DOCTYPE html PUBLIC "-//W3C//DTD XHTML 1.0 Transitional//EN"
    "http://www.w3.org/TR/xhtml1/DTD/xhtml1-transitional.dtd">
<html xmlns="http://www.w3.org/1999/xhtml" xml:lang="en" lang="en">
 <head>
  <title>
</title>
<meta http-equiv="Content-Type" content="text/html;charset=utf-8" />
  <meta name='ocr-system' content='tesseract 3.04.00' />
  <meta name='ocr-capabilities' content='ocr_page ocr_carea ocr_par ocr_line ocrx_word'/>
</head>
<body>
  <div class='ocr_page' id='page_1' title='image "./cvaleriicatulli00catugoog/cvaleriicatulli00catugoog_0326.png"; bbox 0 0 2774 4702; ppageno 0'>
   <div class='ocr_carea' id='block_1_1' title="bbox 481 299 856 352">
    <p class='ocr_par' dir='ltr' id='par_1_1' title="bbox 481 299 856 352">
     <span class='ocr_line' id='line_1_1' title="bbox 481 299 856 352; baseline 0.005 -3"><span class='ocrx_word' id='word_1_1' title='bbox 481 313 494 324; x_wconf 70' lang='lat'><strong>¹·</strong></span> <span class='ocrx_word' id='word_1_2' title='bbox 536 299 695 349; x_wconf 78' lang='lat' dir='ltr'>GARMEN</span> <span class='ocrx_word' id='word_1_3' title='bbox 720 299 856 352; x_wconf 83' lang='lat' dir='ltr'><strong>xcvni.</strong></span> 
     </span>
    </p>
   </div>
   <div class='ocr_carea' id='block_1_2' title="bbox 135 443 1008 628">
    <p class='ocr_par' dir='ltr' id='par_1_2' title="bbox 135 443 1008 628">
     <span class='ocr_line' id='line_1_2' title="bbox 135 443 1008 527; baseline -0.003 -18"><span class='ocrx_word' id='word_1_4' title='bbox 135 445 248 523; x_wconf 84' lang='lat' dir='ltr'><strong>Quom</strong></span> <span class='ocrx_word' id='word_1_5' title='bbox 258 444 293 525; x_wconf 16' lang='lat' dir='ltr'><strong>*si</strong></span> <span class='ocrx_word' id='word_1_6' title='bbox 309 463 378 527; x_wconf 87' lang='lat' dir='ltr'><strong>qna</strong></span> <span class='ocrx_word' id='word_1_7' title='bbox 393 443 534 526; x_wconf 81' lang='lat' dir='ltr'><strong>attingit,</strong></span> <span class='ocrx_word' id='word_1_8' title='bbox 548 461 618 507; x_wconf 91' lang='lat' dir='ltr'><strong>non</strong></span> <span class='ocrx_word' id='word_1_9' title='bbox 631 443 722 507; x_wconf 89' lang='lat' dir='ltr'><strong>illam</strong></span> <span class='ocrx_word' id='word_1_10' title='bbox 737 462 838 527; x_wconf 81' lang='lat' dir='ltr'><strong>possa</strong></span> <span class='ocrx_word' id='word_1_11' title='bbox 852 449 1008 527; x_wconf 81' lang='lat' dir='ltr'><strong>potemus</strong></span> 
     </span>
     <span class='ocr_line' id='line_1_3' title="bbox 179 541 793 628; baseline -0.005 -18"><span class='ocrx_word' id='word_1_12' title='bbox 179 546 312 628; x_wconf 85' lang='lat' dir='ltr'><strong>AEgroti</strong></span> <span class='ocrx_word' id='word_1_13' title='bbox 326 545 440 610; x_wconf 90' lang='lat' dir='ltr'><strong>culum</strong></span> <span class='ocrx_word' id='word_1_14' title='bbox 454 546 577 627; x_wconf 75' lang='lat' dir='ltr'><strong>lingere</strong></span> <span class='ocrx_word' id='word_1_15' title='bbox 592 545 758 610; x_wconf 86' lang='lat' dir='ltr'><strong>carnificis</strong></span> <span class='ocrx_word' id='word_1_16' title='bbox 767 541 793 607; x_wconf 74' lang='lat' dir='ltr'><strong>‘t&#39;</strong></span> 
     </span>
    </p>
   </div>
   <div class='ocr_carea' id='block_1_3' title="bbox 598 707 779 729">
    <p class='ocr_par' dir='ltr' id='par_1_3' title="bbox 598 707 779 729">
     <span class='ocr_line' id='line_1_4' title="bbox 598 707 779 729; baseline -0.011 0"><span class='ocrx_word' id='word_1_17' title='bbox 598 707 779 729; x_wconf 57' lang='grc' dir='ltr'><strong>ΜΟ</strong></span> 
     </span>
    </p>
   </div>
   <div class='ocr_carea' id='block_1_4' title="bbox 136 752 1312 920">
    <p class='ocr_par' dir='ltr' id='par_1_4' title="bbox 136 752 1312 920">
     <span class='ocr_line' id='line_1_5' title="bbox 136 752 1312 906; baseline 0.003 -66"><span class='ocrx_word' id='word_1_18' title='bbox 136 791 299 906; x_wconf 52' lang='lat' dir='ltr'><strong>nostragtjatm</strong></span> <span class='ocrx_word' id='word_1_19' title='bbox 308 752 441 841; x_wconf 80' lang='lat' dir='ltr'><strong>Vossioet</strong></span> <span class='ocrx_word' id='word_1_20' title='bbox 457 791 539 842; x_wconf 77' lang='lat' dir='ltr'><strong>Dour.</strong></span> <span class='ocrx_word' id='word_1_21' title='bbox 551 791 669 858; x_wconf 83' lang='lat' dir='ltr'><strong>probata,</strong></span> <span class='ocrx_word' id='word_1_22' title='bbox 688 789 800 842; x_wconf 81' lang='lat' dir='ltr'><strong>debetur</strong></span> <span class='ocrx_word' id='word_1_23' title='bbox 813 791 973 842; x_wconf 69' lang='lat' dir='ltr'><strong>Statim—1²</strong></span> <span class='ocrx_word' id='word_1_24' title='bbox 988 791 1086 856; x_wconf 65' lang='grc' dir='ltr'><strong>ΑΜ,</strong></span> <span class='ocrx_word' id='word_1_25' title='bbox 1098 792 1139 842; x_wconf 83' lang='lat' dir='ltr'><strong>rel</strong></span> <span class='ocrx_word' id='word_1_26' title='bbox 1150 791 1242 856; x_wconf 78' lang='lat' dir='ltr'><strong>Argoti</strong></span> <span class='ocrx_word' id='word_1_27' title='bbox 1310 776 1312 783; x_wconf 43' lang='lat'><strong><em>¹</em></strong></span> 
     </span>
     <span class='ocr_line' id='line_1_6' title="bbox 138 868 711 920; baseline 0.003 -15"><span class='ocrx_word' id='word_1_28' title='bbox 138 870 207 920; x_wconf 83' lang='lat' dir='ltr'><strong>couJ.</strong></span> <span class='ocrx_word' id='word_1_29' title='bbox 248 871 284 905; x_wconf 90' lang='lat' dir='ltr'><strong>a.</strong></span> <span class='ocrx_word' id='word_1_30' title='bbox 705 868 711 877; x_wconf 61' lang='lat'><em>¹</em></span> 
     </span>
    </p>
   </div>
   <div class='ocr_carea' id='block_1_5' title="bbox 638 982 749 1035">
    <p class='ocr_par' dir='ltr' id='par_1_5' title="bbox 638 982 749 1035">
     <span class='ocr_line' id='line_1_7' title="bbox 638 982 749 1035; baseline 0.018 -3"><span class='ocrx_word' id='word_1_31' title='bbox 638 982 749 1035; x_wconf 77' lang='lat' dir='ltr'><strong>NOTAE</strong></span> 
     </span>
    </p>
   </div>
   <div class='ocr_carea' id='block_1_6' title="bbox 135 1087 1244 1465">
    <p class='ocr_par' dir='ltr' id='par_1_6' title="bbox 135 1087 1244 1465">
     <span class='ocr_line' id='line_1_8' title="bbox 173 1087 1242 1163; baseline 0.004 -16"><span class='ocrx_word' id='word_1_32' title='bbox 173 1101 204 1148; x_wconf 90' lang='lat' dir='ltr'><strong>ll</strong></span> <span class='ocrx_word' id='word_1_33' title='bbox 217 1097 294 1153; x_wconf 76' lang='lat' dir='ltr'><strong>Quam</strong></span> <span class='ocrx_word' id='word_1_34' title='bbox 304 1095 504 1160; x_wconf 72' lang='lat' dir='ltr'><strong>riqaoottingit]</strong></span> <span class='ocrx_word' id='word_1_35' title='bbox 521 1095 583 1146; x_wconf 86' lang='lat' dir='ltr'><strong>Nou</strong></span> <span class='ocrx_word' id='word_1_36' title='bbox 594 1094 671 1145; x_wconf 90' lang='lat' dir='ltr'><strong>modo</strong></span> <span class='ocrx_word' id='word_1_37' title='bbox 712 1087 768 1148; x_wconf 79' lang='lat' dir='ltr'><strong>lent</strong></span> <span class='ocrx_word' id='word_1_38' title='bbox 779 1097 839 1148; x_wconf 86' lang='lat' dir='ltr'><strong>odio</strong></span> <span class='ocrx_word' id='word_1_39' title='bbox 856 1097 954 1148; x_wconf 82' lang='lat' dir='ltr'><strong>haberi.</strong></span> <span class='ocrx_word' id='word_1_40' title='bbox 993 1097 1045 1148; x_wconf 80' lang='lat' dir='ltr'><strong>Sed</strong></span> <span class='ocrx_word' id='word_1_41' title='bbox 1065 1097 1099 1148; x_wconf 82' lang='lat' dir='ltr'><strong>ad</strong></span> <span class='ocrx_word' id='word_1_42' title='bbox 1117 1100 1242 1163; x_wconf 74' lang='lat' dir='ltr'><strong>majorem</strong></span> 
     </span>
     <span class='ocr_line' id='line_1_9' title="bbox 137 1171 1244 1236; baseline 0.001 -13"><span class='ocrx_word' id='word_1_43' title='bbox 137 1172 270 1224; x_wconf 87' lang='lat' dir='ltr'><strong>AEmiliosa</strong></span> <span class='ocrx_word' id='word_1_44' title='bbox 280 1172 388 1234; x_wconf 74' lang='lat' dir='ltr'><strong>locarat,</strong></span> <span class='ocrx_word' id='word_1_45' title='bbox 399 1172 445 1222; x_wconf 78' lang='lat' dir='ltr'><strong>aad</strong></span> <span class='ocrx_word' id='word_1_46' title='bbox 456 1174 536 1222; x_wconf 82' lang='lat' dir='ltr'><strong>stiam</strong></span> <span class='ocrx_word' id='word_1_47' title='bbox 551 1171 672 1221; x_wconf 81' lang='lat' dir='ltr'><strong>mulieres</strong></span> <span class='ocrx_word' id='word_1_48' title='bbox 710 1171 814 1223; x_wconf 84' lang='lat' dir='ltr'><strong>ittarom</strong></span> <span class='ocrx_word' id='word_1_49' title='bbox 834 1173 1036 1225; x_wconf 78' lang='lat' dir='ltr'><strong>detestationem</strong></span> <span class='ocrx_word' id='word_1_50' title='bbox 1052 1172 1181 1236; x_wconf 81' lang='lat' dir='ltr'><strong>‘aegroti&#39;</strong></span> <span class='ocrx_word' id='word_1_51' title='bbox 1198 1175 1244 1224; x_wconf 83' lang='lat' dir='ltr'><strong>ad·</strong></span> 
     </span>
     <span class='ocr_line' id='line_1_10' title="bbox 135 1245 1244 1314; baseline 0 -13"><span class='ocrx_word' id='word_1_52' title='bbox 135 1251 207 1312; x_wconf 80' lang='lat' dir='ltr'><strong>illas,</strong></span> <span class='ocrx_word' id='word_1_53' title='bbox 223 1265 282 1314; x_wconf 71' lang='lat' dir='ltr'><strong>qun</strong></span> <span class='ocrx_word' id='word_1_54' title='bbox 298 1248 338 1299; x_wconf 87' lang='lat' dir='ltr'><strong>sui</strong></span> <span class='ocrx_word' id='word_1_55' title='bbox 355 1245 581 1313; x_wconf 77' lang='lat' dir='ltr'><strong>AEusilio&#39;oopism</strong></span> <span class='ocrx_word' id='word_1_56' title='bbox 595 1247 672 1300; x_wconf 78' lang='lat' dir='ltr'><strong>isoio·</strong></span> <span class='ocrx_word' id='word_1_57' title='bbox 711 1246 788 1298; x_wconf 86' lang='lat' dir='ltr'><strong>didit.</strong></span> <span class='ocrx_word' id='word_1_58' title='bbox 841 1248 910 1298; x_wconf 78' lang='lat' dir='ltr'><strong>Nuus</strong></span> <span class='ocrx_word' id='word_1_59' title='bbox 945 1248 1037 1312; x_wconf 77' lang='lat' dir='ltr'><strong>asgroti</strong></span> <span class='ocrx_word' id='word_1_60' title='bbox 1067 1262 1170 1312; x_wconf 77' lang='lat' dir='ltr'><strong>semper</strong></span> <span class='ocrx_word' id='word_1_61' title='bbox 1197 1250 1244 1301; x_wconf 77' lang='lat' dir='ltr'><strong>iu·</strong></span> 
     </span>
     <span class='ocr_line' id='line_1_11' title="bbox 140 1323 1243 1389; baseline -0.003 -13"><span class='ocrx_word' id='word_1_62' title='bbox 140 1328 223 1387; x_wconf 87' lang='lat' dir='ltr'><strong>bant;</strong></span> <span class='ocrx_word' id='word_1_63' title='bbox 239 1325 305 1374; x_wconf 83' lang='lat' dir='ltr'><strong>adso</strong></span> <span class='ocrx_word' id='word_1_64' title='bbox 316 1330 346 1375; x_wconf 89' lang='lat' dir='ltr'><strong>ut</strong></span> <span class='ocrx_word' id='word_1_65' title='bbox 356 1324 412 1374; x_wconf 83' lang='lat' dir='ltr'><strong>illas</strong></span> <span class='ocrx_word' id='word_1_66' title='bbox 422 1325 494 1375; x_wconf 79' lang='lat' dir='ltr'><strong>diost</strong></span> <span class='ocrx_word' id='word_1_67' title='bbox 505 1325 585 1375; x_wconf 85' lang='lat' dir='ltr'><strong>etiam</strong></span> <span class='ocrx_word' id='word_1_68' title='bbox 596 1326 603 1353; x_wconf 90' lang='lat'>‘</span> <span class='ocrx_word' id='word_1_69' title='bbox 614 1340 672 1389; x_wconf 85' lang='lat' dir='ltr'><strong>pos·</strong></span> <span class='ocrx_word' id='word_1_70' title='bbox 711 1323 860 1373; x_wconf 71' lang='lat' dir='ltr'>mundiores</span> <span class='ocrx_word' id='word_1_71' title='bbox 882 1337 940 1374; x_wconf 81' lang='lat' dir='ltr'><strong>esse</strong></span> <span class='ocrx_word' id='word_1_72' title='bbox 961 1324 1053 1386; x_wconf 82' lang='lat' dir='ltr'><strong>soloni,</strong></span> <span class='ocrx_word' id='word_1_73' title='bbox 1081 1330 1109 1373; x_wconf 85' lang='lat' dir='ltr'><strong>et</strong></span> <span class='ocrx_word' id='word_1_74' title='bbox 1134 1324 1243 1373; x_wconf 76' lang='lat' dir='ltr'><strong>maxime</strong></span> 
     </span>
     <span class='ocr_line' id='line_1_12' title="bbox 139 1396 1244 1465; baseline -0.002 -15"><span class='ocrx_word' id='word_1_75' title='bbox 139 1415 171 1450; x_wconf 82' lang='lat' dir='ltr'><strong>sa</strong></span> <span class='ocrx_word' id='word_1_76' title='bbox 189 1400 289 1464; x_wconf 79' lang='lat' dir='ltr'><strong>liugero</strong></span> <span class='ocrx_word' id='word_1_77' title='bbox 308 1400 395 1448; x_wconf 79' lang='lat' dir='ltr'><strong>culum</strong></span> <span class='ocrx_word' id='word_1_78' title='bbox 412 1398 541 1448; x_wconf 83' lang='lat' dir='ltr'><strong>carnificis</strong></span> <span class='ocrx_word' id='word_1_79' title='bbox 561 1396 673 1464; x_wconf 53' lang='lat' dir='ltr'><strong>aegros&amp;</strong></span> <span class='ocrx_word' id='word_1_80' title='bbox 712 1400 775 1464; x_wconf 87' lang='lat' dir='ltr'><strong>qnia</strong></span> <span class='ocrx_word' id='word_1_81' title='bbox 784 1401 923 1463; x_wconf 84' lang='lat' dir='ltr'><strong>pharmaca</strong></span> <span class='ocrx_word' id='word_1_82' title='bbox 934 1413 1034 1450; x_wconf 81' lang='lat' dir='ltr'><strong>sumere</strong></span> <span class='ocrx_word' id='word_1_83' title='bbox 1046 1406 1182 1464; x_wconf 80' lang='lat' dir='ltr'><strong>coguntur,</strong></span> <span class='ocrx_word' id='word_1_84' title='bbox 1189 1399 1244 1465; x_wconf 91' lang='lat' dir='ltr'><strong>qui·</strong></span> 
     </span>
    </p>
   </div>
   <div class='ocr_carea' id='block_1_7' title="bbox 141 1474 1152 1615">
    <p class='ocr_par' dir='ltr' id='par_1_7' title="bbox 141 1474 1152 1615">
     <span class='ocr_line' id='line_1_13' title="bbox 141 1474 1152 1540; baseline 0 -16"><span class='ocrx_word' id='word_1_85' title='bbox 141 1488 201 1540; x_wconf 82' lang='lat' dir='ltr'><strong>quoa</strong></span> <span class='ocrx_word' id='word_1_86' title='bbox 212 1479 321 1538; x_wconf 78' lang='lat' dir='ltr'><strong>possunt</strong></span> <span class='ocrx_word' id='word_1_87' title='bbox 330 1474 461 1524; x_wconf 82' lang='lat' dir='ltr'><strong>AEmiiiuns</strong></span> <span class='ocrx_word' id='word_1_88' title='bbox 470 1475 592 1525; x_wconf 82' lang='lat' dir='ltr'><strong>osculari.</strong></span> <span class='ocrx_word' id='word_1_89' title='bbox 713 1474 762 1524; x_wconf 91' lang='lat' dir='ltr'><strong>bns</strong></span> <span class='ocrx_word' id='word_1_90' title='bbox 773 1475 933 1540; x_wconf 79' lang='lat' dir='ltr'><strong>inquinatior</strong></span> <span class='ocrx_word' id='word_1_91' title='bbox 942 1474 1061 1526; x_wconf 83' lang='lat' dir='ltr'><strong>redditur</strong></span> <span class='ocrx_word' id='word_1_92' title='bbox 1072 1475 1152 1524; x_wconf 86' lang='lat' dir='ltr'><strong>culos.</strong></span> 
     </span>
     <span class='ocr_line' id='line_1_14' title="bbox 176 1547 674 1615; baseline 0.002 -16"><span class='ocrx_word' id='word_1_93' title='bbox 176 1553 208 1600; x_wconf 72' lang='lat'><strong>1²</strong></span> <span class='ocrx_word' id='word_1_94' title='bbox 225 1548 363 1615; x_wconf 64' lang='lat' dir='ltr'><strong>Cors&#39;qicir]</strong></span> <span class='ocrx_word' id='word_1_95' title='bbox 397 1547 538 1600; x_wconf 81' lang='lat' dir='ltr'><strong>carnifices</strong></span> <span class='ocrx_word' id='word_1_96' title='bbox 552 1550 622 1602; x_wconf 79' lang='lat' dir='ltr'><strong>onim</strong></span> <span class='ocrx_word' id='word_1_97' title='bbox 633 1564 674 1600; x_wconf 90' lang='lat' dir='ltr'><strong>so-</strong></span> 
     </span>
    </p>
   </div>
   <div class='ocr_carea' id='block_1_8' title="bbox 559 1830 854 1852">
    <p class='ocr_par' dir='ltr' id='par_1_8' title="bbox 559 1830 854 1852">
     <span class='ocr_line' id='line_1_15' title="bbox 559 1830 854 1852; baseline 0 -2"><span class='ocrx_word' id='word_1_98' title='bbox 559 1830 854 1852; x_wconf 48' lang='lat' dir='ltr'><em>m</em></span> 
     </span>
    </p>
   </div>
   <div class='ocr_carea' id='block_1_9' title="bbox 492 2046 904 2155">
    <p class='ocr_par' dir='ltr' id='par_1_9' title="bbox 492 2046 904 2155">
     <span class='ocr_line' id='line_1_16' title="bbox 492 2046 904 2155; baseline -0.005 -42"><span class='ocrx_word' id='word_1_99' title='bbox 492 2046 699 2155; x_wconf 72' lang='lat' dir='ltr'><strong>cARanN</strong></span> <span class='ocrx_word' id='word_1_100' title='bbox 728 2049 904 2116; x_wconf 84' lang='lat' dir='ltr'>XCVIII.</span> 
     </span>
    </p>
   </div>
   <div class='ocr_carea' id='block_1_10' title="bbox 571 2219 826 2268">
    <p class='ocr_par' dir='ltr' id='par_1_10' title="bbox 571 2219 826 2268">
     <span class='ocr_line' id='line_1_17' title="bbox 571 2219 826 2268; baseline 0.016 -4"><span class='ocrx_word' id='word_1_101' title='bbox 571 2220 623 2265; x_wconf 85' lang='lat' dir='ltr'><strong>AD</strong></span> <span class='ocrx_word' id='word_1_102' title='bbox 641 2219 826 2268; x_wconf 77' lang='lat' dir='ltr'><strong>VET&#39;PIUM.</strong></span> 
     </span>
    </p>
   </div>
   <div class='ocr_carea' id='block_1_11' title="bbox 146 2333 1008 2739">
    <p class='ocr_par' dir='ltr' id='par_1_11' title="bbox 146 2333 1008 2538">
     <span class='ocr_line' id='line_1_18' title="bbox 146 2333 1008 2435; baseline 0 -19"><span class='ocrx_word' id='word_1_103' title='bbox 146 2349 192 2416; x_wconf 80' lang='lat' dir='ltr'><strong>In</strong></span> <span class='ocrx_word' id='word_1_104' title='bbox 208 2333 299 2430; x_wconf 75' lang='lat' dir='ltr'><strong>to,⁰si</strong></span> <span class='ocrx_word' id='word_1_105' title='bbox 312 2352 348 2415; x_wconf 90' lang='lat' dir='ltr'><strong>in</strong></span> <span class='ocrx_word' id='word_1_106' title='bbox 363 2370 561 2435; x_wconf 84' lang='lat' dir='ltr'><strong>quenquam,</strong></span> <span class='ocrx_word' id='word_1_107' title='bbox 578 2350 647 2415; x_wconf 89' lang='lat' dir='ltr'><strong>dici</strong></span> <span class='ocrx_word' id='word_1_108' title='bbox 661 2359 754 2435; x_wconf 88' lang='lat' dir='ltr'><strong>pote,</strong></span> <span class='ocrx_word' id='word_1_109' title='bbox 769 2352 887 2434; x_wconf 85' lang='lat' dir='ltr'><strong>putide</strong></span> <span class='ocrx_word' id='word_1_110' title='bbox 901 2350 1008 2430; x_wconf 89' lang='lat' dir='ltr'><strong>Vetti,</strong></span> 
     </span>
     <span class='ocr_line' id='line_1_19' title="bbox 191 2451 824 2538; baseline -0.003 -20"><span class='ocrx_word' id='word_1_111' title='bbox 191 2451 235 2518; x_wconf 89' lang='lat' dir='ltr'><strong>Id</strong></span> <span class='ocrx_word' id='word_1_112' title='bbox 249 2454 340 2538; x_wconf 92' lang='lat' dir='ltr'><strong>quod</strong></span> <span class='ocrx_word' id='word_1_113' title='bbox 353 2454 505 2519; x_wconf 81' lang='lat' dir='ltr'><strong>verbosis</strong></span> <span class='ocrx_word' id='word_1_114' title='bbox 521 2453 642 2516; x_wconf 88' lang='lat' dir='ltr'><strong>dicitnr</strong></span> <span class='ocrx_word' id='word_1_115' title='bbox 655 2457 687 2515; x_wconf 87' lang='lat' dir='ltr'><strong>et</strong></span> <span class='ocrx_word' id='word_1_116' title='bbox 698 2451 803 2516; x_wconf 87' lang='lat' dir='ltr'><strong>fatuis</strong></span> <span class='ocrx_word' id='word_1_117' title='bbox 816 2473 824 2516; x_wconf 75' lang='grc' dir='ltr'>ε</span> 
     </span>
    </p>

    <p class='ocr_par' dir='ltr' id='par_1_12' title="bbox 147 2552 933 2739">
     <span class='ocr_line' id='line_1_20' title="bbox 147 2552 933 2638; baseline -0.004 -19"><span class='ocrx_word' id='word_1_118' title='bbox 147 2555 222 2620; x_wconf 85' lang='lat' dir='ltr'><strong>Ista</strong></span> <span class='ocrx_word' id='word_1_119' title='bbox 237 2574 314 2620; x_wconf 89' lang='lat' dir='ltr'><strong>oum</strong></span> <span class='ocrx_word' id='word_1_120' title='bbox 328 2555 452 2638; x_wconf 85' lang='lat' dir='ltr'><strong>lingua,</strong></span> <span class='ocrx_word' id='word_1_121' title='bbox 467 2555 497 2617; x_wconf 90' lang='lat' dir='ltr'><strong>si</strong></span> <span class='ocrx_word' id='word_1_122' title='bbox 512 2572 592 2618; x_wconf 84' lang='lat' dir='ltr'><strong>usus</strong></span> <span class='ocrx_word' id='word_1_123' title='bbox 606 2552 717 2617; x_wconf 83' lang='lat' dir='ltr'><strong>veniat</strong></span> <span class='ocrx_word' id='word_1_124' title='bbox 730 2553 804 2629; x_wconf 87' lang='lat' dir='ltr'><strong>tibi,</strong></span> <span class='ocrx_word' id='word_1_125' title='bbox 817 2553 933 2635; x_wconf 86' lang='lat' dir='ltr'><strong>possis</strong></span> 
     </span>
     <span class='ocr_line' id='line_1_21' title="bbox 192 2653 875 2739; baseline -0.004 -19"><span class='ocrx_word' id='word_1_126' title='bbox 192 2655 299 2721; x_wconf 85' lang='lat' dir='ltr'><strong>Gulos</strong></span> <span class='ocrx_word' id='word_1_127' title='bbox 313 2661 347 2721; x_wconf 91' lang='lat' dir='ltr'><strong>et</strong></span> <span class='ocrx_word' id='word_1_128' title='bbox 361 2655 515 2739; x_wconf 85' lang='lat' dir='ltr'><strong>crepidas</strong></span> <span class='ocrx_word' id='word_1_129' title='bbox 529 2654 654 2735; x_wconf 84' lang='lat' dir='ltr'><strong>lingere</strong></span> <span class='ocrx_word' id='word_1_130' title='bbox 669 2653 875 2717; x_wconf 87' lang='lat' dir='ltr'><strong>carbatinas.</strong></span> 
     </span>
    </p>
   </div>
   <div class='ocr_carea' id='block_1_12' title="bbox 148 2819 1253 2950">
    <p class='ocr_par' dir='ltr' id='par_1_13' title="bbox 148 2819 1253 2950">
     <span class='ocr_line' id='line_1_22' title="bbox 182 2819 1252 2886; baseline 0.007 -16"><span class='ocrx_word' id='word_1_131' title='bbox 182 2819 207 2870; x_wconf 94' lang='grc' dir='ltr'>Ο</span> <span class='ocrx_word' id='word_1_132' title='bbox 222 2821 290 2870; x_wconf 74' lang='lat' dir='ltr'><strong>Venti</strong></span> <span class='ocrx_word' id='word_1_133' title='bbox 300 2819 395 2884; x_wconf 73' lang='lat' dir='ltr'><strong>fastida,</strong></span> <span class='ocrx_word' id='word_1_134' title='bbox 409 2821 499 2884; x_wconf 81' lang='lat' dir='ltr'><strong>siquid</strong></span> <span class='ocrx_word' id='word_1_135' title='bbox 514 2824 595 2869; x_wconf 83' lang='lat' dir='ltr'><strong>contro</strong></span> <span class='ocrx_word' id='word_1_136' title='bbox 611 2824 636 2869; x_wconf 81' lang='lat' dir='ltr'><strong>te</strong></span> <span class='ocrx_word' id='word_1_137' title='bbox 650 2819 755 2882; x_wconf 74' lang='lat' dir='ltr'><strong>proferri</strong></span> <span class='ocrx_word' id='word_1_138' title='bbox 768 2825 865 2884; x_wconf 67' lang='lat' dir='ltr'><strong>potest:</strong></span> <span class='ocrx_word' id='word_1_139' title='bbox 886 2821 949 2870; x_wconf 81' lang='lat' dir='ltr'><strong>iliud</strong></span> <span class='ocrx_word' id='word_1_140' title='bbox 963 2821 1067 2872; x_wconf 72' lang='lat' dir='ltr'><strong>maxime</strong></span> <span class='ocrx_word' id='word_1_141' title='bbox 1083 2826 1143 2886; x_wconf 77' lang='lat' dir='ltr'><strong>quod</strong></span> <span class='ocrx_word' id='word_1_142' title='bbox 1164 2827 1252 2878; x_wconf 77' lang='lat' dir='ltr'><strong>dicitur</strong></span> 
     </span>
     <span class='ocr_line' id='line_1_23' title="bbox 148 2883 1253 2950; baseline 0.006 -16"><span class='ocrx_word' id='word_1_143' title='bbox 148 2886 314 2950; x_wconf 72' lang='lat' dir='ltr'><strong>loqsocitmt</strong></span> <span class='ocrx_word' id='word_1_144' title='bbox 324 2886 413 2935; x_wconf 68' lang='lat' dir='ltr'><strong>dultia</strong></span> <span class='ocrx_word' id='word_1_145' title='bbox 449 2886 484 2935; x_wconf 78' lang='lat' dir='ltr'><strong>iis</strong></span> <span class='ocrx_word' id='word_1_146' title='bbox 491 2885 567 2948; x_wconf 82' lang='lat' dir='ltr'><strong>porris</strong></span> <span class='ocrx_word' id='word_1_147' title='bbox 578 2883 676 2934; x_wconf 76' lang='lat' dir='ltr'><strong>lomim</strong></span> <span class='ocrx_word' id='word_1_148' title='bbox 684 2886 726 2934; x_wconf 82' lang='lat' dir='ltr'><strong>iilo</strong></span> <span class='ocrx_word' id='word_1_149' title='bbox 733 2891 775 2935; x_wconf 84' lang='lat' dir='ltr'><strong>tuo</strong></span> <span class='ocrx_word' id='word_1_150' title='bbox 786 2886 868 2949; x_wconf 75' lang='lat' dir='ltr'><strong>liugan</strong></span> <span class='ocrx_word' id='word_1_151' title='bbox 873 2886 977 2950; x_wconf 79' lang='lat' dir='ltr'><strong>podices,</strong></span> <span class='ocrx_word' id='word_1_152' title='bbox 984 2889 1103 2938; x_wconf 80' lang='lat' dir='ltr'><strong>struiceor</strong></span> <span class='ocrx_word' id='word_1_153' title='bbox 1110 2891 1253 2942; x_wconf 76' lang='lat' dir='ltr'><strong>rusticorum</strong></span> 
     </span>
    </p>
   </div>
   <div class='ocr_carea' id='block_1_13' title="bbox 611 3014 794 3037">
    <p class='ocr_par' dir='ltr' id='par_1_14' title="bbox 611 3014 794 3037">
     <span class='ocr_line' id='line_1_24' title="bbox 611 3014 794 3037; baseline 0.005 -1"><span class='ocrx_word' id='word_1_154' title='bbox 611 3014 794 3037; x_wconf 57' lang='lat' dir='ltr'><em>m</em></span> 
     </span>
    </p>
   </div>
   <div class='ocr_carea' id='block_1_14' title="bbox 149 3113 1256 3500">
    <p class='ocr_par' dir='ltr' id='par_1_15' title="bbox 149 3113 1256 3500">
     <span class='ocr_line' id='line_1_25' title="bbox 184 3113 1253 3190; baseline 0.008 -27"><span class='ocrx_word' id='word_1_155' title='bbox 184 3118 198 3163; x_wconf 89' lang='lat'>1</span> <span class='ocrx_word' id='word_1_156' title='bbox 217 3113 248 3162; x_wconf 81' lang='lat' dir='ltr'><strong>Ia</strong></span> <span class='ocrx_word' id='word_1_157' title='bbox 259 3117 292 3174; x_wconf 80' lang='lat' dir='ltr'><strong>te,</strong></span> <span class='ocrx_word' id='word_1_158' title='bbox 306 3113 329 3162; x_wconf 84' lang='lat' dir='ltr'><strong>ri</strong></span> <span class='ocrx_word' id='word_1_159' title='bbox 339 3114 366 3162; x_wconf 80' lang='lat' dir='ltr'><strong>ia</strong></span> <span class='ocrx_word' id='word_1_160' title='bbox 376 3127 505 3176; x_wconf 74' lang='lat' dir='ltr'><strong>quenquam</strong></span> <span class='ocrx_word' id='word_1_161' title='bbox 522 3113 575 3190; x_wconf 61' lang='lat' dir='ltr'><strong>tagi</strong></span> <span class='ocrx_word' id='word_1_162' title='bbox 589 3115 668 3178; x_wconf 87' lang='lat' dir='ltr'><strong>jussit</strong></span> <span class='ocrx_word' id='word_1_163' title='bbox 681 3115 778 3165; x_wconf 85' lang='lat' dir='ltr'><strong>Avaut.</strong></span> <span class='ocrx_word' id='word_1_164' title='bbox 807 3115 838 3163; x_wconf 83' lang='lat' dir='ltr'><strong>la</strong></span> <span class='ocrx_word' id='word_1_165' title='bbox 848 3116 905 3164; x_wconf 73' lang='lat' dir='ltr'><strong>teos·</strong></span> <span class='ocrx_word' id='word_1_166' title='bbox 915 3115 1038 3178; x_wconf 80' lang='lat' dir='ltr'><strong>quicquum</strong></span> <span class='ocrx_word' id='word_1_167' title='bbox 1048 3115 1118 3166; x_wconf 82' lang='lat' dir='ltr'><strong>Sual.</strong></span> <span class='ocrx_word' id='word_1_168' title='bbox 1129 3118 1210 3171; x_wconf 84' lang='lat' dir='ltr'><strong>Dona.</strong></span> <span class='ocrx_word' id='word_1_169' title='bbox 1220 3120 1253 3172; x_wconf 88' lang='lat' dir='ltr'><strong>P.</strong></span> 
     </span>
     <span class='ocr_line' id='line_1_26' title="bbox 149 3176 1255 3245; baseline 0.007 -19"><span class='ocrx_word' id='word_1_170' title='bbox 149 3178 195 3226; x_wconf 83' lang='lat' dir='ltr'><strong>ulii</strong></span> <span class='ocrx_word' id='word_1_171' title='bbox 206 3192 213 3237; x_wconf 77' lang='lat'>3</span> <span class='ocrx_word' id='word_1_172' title='bbox 225 3183 253 3226; x_wconf 86' lang='lat' dir='ltr'><strong>et</strong></span> <span class='ocrx_word' id='word_1_173' title='bbox 263 3177 300 3226; x_wconf 84' lang='lat' dir='ltr'><strong>sio</strong></span> <span class='ocrx_word' id='word_1_174' title='bbox 309 3183 350 3226; x_wconf 85' lang='lat' dir='ltr'><strong>ost</strong></span> <span class='ocrx_word' id='word_1_175' title='bbox 359 3176 386 3225; x_wconf 89' lang='lat' dir='ltr'><strong>in</strong></span> <span class='ocrx_word' id='word_1_176' title='bbox 396 3178 503 3227; x_wconf 79' lang='lat' dir='ltr'><strong>Veneti.</strong></span> <span class='ocrx_word' id='word_1_177' title='bbox 514 3178 589 3226; x_wconf 88' lang='lat' dir='ltr'><strong>Brrx.</strong></span> <span class='ocrx_word' id='word_1_178' title='bbox 600 3185 629 3228; x_wconf 85' lang='lat' dir='ltr'><strong>et</strong></span> <span class='ocrx_word' id='word_1_179' title='bbox 640 3178 743 3228; x_wconf 76' lang='lat' dir='ltr'><strong>vicent.</strong></span> <span class='ocrx_word' id='word_1_180' title='bbox 774 3179 839 3228; x_wconf 82' lang='lat' dir='ltr'><strong>Victi</strong></span> <span class='ocrx_word' id='word_1_181' title='bbox 850 3178 877 3227; x_wconf 88' lang='lat' dir='ltr'><strong>iu</strong></span> <span class='ocrx_word' id='word_1_182' title='bbox 888 3178 978 3227; x_wconf 80' lang='lat' dir='ltr'><strong>iisdem</strong></span> <span class='ocrx_word' id='word_1_183' title='bbox 989 3179 1050 3228; x_wconf 82' lang='lat' dir='ltr'><strong>edd.</strong></span> <span class='ocrx_word' id='word_1_184' title='bbox 1059 3181 1128 3241; x_wconf 88' lang='lat' dir='ltr'><strong>quod</strong></span> <span class='ocrx_word' id='word_1_185' title='bbox 1139 3187 1255 3245; x_wconf 75' lang='lat' dir='ltr'><strong>reposuit</strong></span> 
     </span>
     <span class='ocr_line' id='line_1_27' title="bbox 151 3239 1255 3304; baseline 0.005 -12"><span class='ocrx_word' id='word_1_186' title='bbox 151 3242 220 3292; x_wconf 79' lang='lat' dir='ltr'><strong>Sosi</strong></span> <span class='ocrx_word' id='word_1_187' title='bbox 249 3241 317 3290; x_wconf 76' lang='lat' dir='ltr'><strong>Varii</strong></span> <span class='ocrx_word' id='word_1_188' title='bbox 337 3240 365 3290; x_wconf 89' lang='lat' dir='ltr'><strong>iu</strong></span> <span class='ocrx_word' id='word_1_189' title='bbox 384 3239 443 3290; x_wconf 80' lang='lat' dir='ltr'><strong>Aru.</strong></span> <span class='ocrx_word' id='word_1_190' title='bbox 462 3241 536 3292; x_wconf 86' lang='lat' dir='ltr'><strong>Junt.</strong></span> <span class='ocrx_word' id='word_1_191' title='bbox 556 3241 658 3304; x_wconf 82' lang='lat' dir='ltr'><strong>Gryph.</strong></span> <span class='ocrx_word' id='word_1_192' title='bbox 679 3243 750 3291; x_wconf 89' lang='lat' dir='ltr'><strong>Mur.</strong></span> <span class='ocrx_word' id='word_1_193' title='bbox 770 3242 853 3291; x_wconf 83' lang='lat' dir='ltr'><strong>Hsur.</strong></span> <span class='ocrx_word' id='word_1_194' title='bbox 873 3242 960 3291; x_wconf 78' lang='lat' dir='ltr'><strong>Graev.</strong></span> <span class='ocrx_word' id='word_1_195' title='bbox 977 3242 1037 3304; x_wconf 86' lang='lat' dir='ltr'><strong>Bip.</strong></span> <span class='ocrx_word' id='word_1_196' title='bbox 1055 3243 1126 3292; x_wconf 82' lang='lat' dir='ltr'><strong>aliis:</strong></span> <span class='ocrx_word' id='word_1_197' title='bbox 1143 3245 1210 3296; x_wconf 81' lang='lat' dir='ltr'><strong>Vetti</strong></span> <span class='ocrx_word' id='word_1_198' title='bbox 1221 3264 1255 3298; x_wconf 79' lang='lat' dir='ltr'><strong>ex</strong></span> 
     </span>
     <span class='ocr_line' id='line_1_28' title="bbox 151 3305 1256 3371; baseline 0.006 -17"><span class='ocrx_word' id='word_1_199' title='bbox 151 3305 260 3369; x_wconf 86' lang='lat' dir='ltr'><strong>antiquo</strong></span> <span class='ocrx_word' id='word_1_200' title='bbox 278 3318 406 3355; x_wconf 86' lang='lat' dir='ltr'><strong>marmore</strong></span> <span class='ocrx_word' id='word_1_201' title='bbox 424 3306 526 3354; x_wconf 89' lang='lat' dir='ltr'><strong>omnino</strong></span> <span class='ocrx_word' id='word_1_202' title='bbox 548 3305 713 3354; x_wconf 86' lang='lat' dir='ltr'><strong>scribendum</strong></span> <span class='ocrx_word' id='word_1_203' title='bbox 736 3320 792 3354; x_wconf 85' lang='lat' dir='ltr'><strong>esse</strong></span> <span class='ocrx_word' id='word_1_204' title='bbox 810 3306 925 3355; x_wconf 86' lang='lat' dir='ltr'><strong>ostendit</strong></span> <span class='ocrx_word' id='word_1_205' title='bbox 937 3305 1043 3366; x_wconf 77' lang='lat' dir='ltr'><strong>Statius,</strong></span> <span class='ocrx_word' id='word_1_206' title='bbox 1054 3319 1161 3371; x_wconf 82' lang='lat' dir='ltr'><strong>eumque</strong></span> <span class='ocrx_word' id='word_1_207' title='bbox 1172 3313 1256 3361; x_wconf 85' lang='lat' dir='ltr'><strong>secuti</strong></span> 
     </span>
     <span class='ocr_line' id='line_1_29' title="bbox 149 3362 1255 3438; baseline 0.003 -19"><span class='ocrx_word' id='word_1_208' title='bbox 149 3375 212 3419; x_wconf 85' lang='lat' dir='ltr'><strong>suut</strong></span> <span class='ocrx_word' id='word_1_209' title='bbox 222 3369 386 3419; x_wconf 72' lang='lat' dir='ltr'><strong>voss&#39;cwr.</strong></span> <span class='ocrx_word' id='word_1_210' title='bbox 396 3369 475 3432; x_wconf 84' lang='lat' dir='ltr'><strong>Vuip.</strong></span> <span class='ocrx_word' id='word_1_211' title='bbox 488 3369 537 3418; x_wconf 82' lang='lat' dir='ltr'><strong>Ed.</strong></span> <span class='ocrx_word' id='word_1_212' title='bbox 548 3383 623 3420; x_wconf 84' lang='lat' dir='ltr'><strong>anon.</strong></span> <span class='ocrx_word' id='word_1_213' title='bbox 635 3376 663 3419; x_wconf 82' lang='lat' dir='ltr'><strong>st</strong></span> <span class='ocrx_word' id='word_1_214' title='bbox 672 3370 797 3419; x_wconf 69' lang='lat' dir='ltr'><strong>notu-r</strong></span> <span class='ocrx_word' id='word_1_215' title='bbox 814 3368 845 3418; x_wconf 90' lang='lat' dir='ltr'><strong>Iu</strong></span> <span class='ocrx_word' id='word_1_216' title='bbox 858 3362 931 3420; x_wconf 77' lang='lat' dir='ltr'><strong>Bria.</strong></span> <span class='ocrx_word' id='word_1_217' title='bbox 943 3370 1077 3432; x_wconf 78' lang='lat' dir='ltr'><strong>corpotiuna</strong></span> <span class='ocrx_word' id='word_1_218' title='bbox 1084 3385 1093 3428; x_wconf 90' lang='lat'><strong>,·</strong></span> <span class='ocrx_word' id='word_1_219' title='bbox 1110 3372 1137 3419; x_wconf 89' lang='lat' dir='ltr'><strong>in</strong></span> <span class='ocrx_word' id='word_1_220' title='bbox 1152 3371 1255 3438; x_wconf 80' lang='lat' dir='ltr'><strong>Gryph.</strong></span> 
     </span>
     <span class='ocr_line' id='line_1_30' title="bbox 151 3432 1255 3500; baseline 0.006 -17"><span class='ocrx_word' id='word_1_221' title='bbox 151 3435 288 3498; x_wconf 83' lang='lat' dir='ltr'><strong>corpotiaor</strong></span> <span class='ocrx_word' id='word_1_222' title='bbox 295 3449 305 3490; x_wconf 73' lang='lat'><strong>,⁰</strong></span> <span class='ocrx_word' id='word_1_223' title='bbox 313 3433 341 3484; x_wconf 90' lang='lat' dir='ltr'><strong>iu</strong></span> <span class='ocrx_word' id='word_1_224' title='bbox 349 3434 419 3483; x_wconf 89' lang='lat' dir='ltr'><strong>Mur.</strong></span> <span class='ocrx_word' id='word_1_225' title='bbox 431 3449 464 3484; x_wconf 83' lang='lat' dir='ltr'><strong>ex</strong></span> <span class='ocrx_word' id='word_1_226' title='bbox 473 3434 550 3483; x_wconf 85' lang='lat' dir='ltr'><strong>codd.</strong></span> <span class='ocrx_word' id='word_1_227' title='bbox 560 3432 623 3497; x_wconf 84' lang='lat' dir='ltr'><strong>fido,</strong></span> <span class='ocrx_word' id='word_1_228' title='bbox 633 3434 738 3500; x_wconf 83' lang='lat' dir='ltr'><strong>trepidos</strong></span> <span class='ocrx_word' id='word_1_229' title='bbox 745 3435 836 3497; x_wconf 80' lang='lat' dir='ltr'><strong>tingere</strong></span> <span class='ocrx_word' id='word_1_230' title='bbox 844 3435 979 3499; x_wconf 69' lang='lat' dir='ltr'><strong>carotipos,</strong></span> <span class='ocrx_word' id='word_1_231' title='bbox 988 3434 1006 3486; x_wconf 88' lang='lat' dir='ltr'><strong>i.</strong></span> <span class='ocrx_word' id='word_1_232' title='bbox 1015 3448 1039 3484; x_wconf 81' lang='lat' dir='ltr'><strong>e.</strong></span> <span class='ocrx_word' id='word_1_233' title='bbox 1051 3434 1184 3488; x_wconf 84' lang='lat' dir='ltr'><strong>obsooeuas</strong></span> <span class='ocrx_word' id='word_1_234' title='bbox 1195 3438 1255 3489; x_wconf 83' lang='lat' dir='ltr'><strong>viri·</strong></span> 
     </span>
    </p>
   </div>
   <div class='ocr_carea' id='block_1_15' title="bbox 655 3593 761 3645">
    <p class='ocr_par' dir='ltr' id='par_1_16' title="bbox 655 3593 761 3645">
     <span class='ocr_line' id='line_1_31' title="bbox 655 3593 761 3645; baseline -0.009 0"><span class='ocrx_word' id='word_1_235' title='bbox 655 3593 761 3645; x_wconf 83' lang='lat' dir='ltr'><strong>NOTAE</strong></span> 
     </span>
    </p>
   </div>
   <div class='ocr_carea' id='block_1_16' title="bbox 151 3704 1259 4226">
    <p class='ocr_par' dir='ltr' id='par_1_17' title="bbox 151 3704 1259 4226">
     <span class='ocr_line' id='line_1_32' title="bbox 186 3704 1257 3772; baseline 0.003 -17"><span class='ocrx_word' id='word_1_236' title='bbox 186 3704 294 3766; x_wconf 77' lang='lat' dir='ltr'><strong>llate,</strong></span> <span class='ocrx_word' id='word_1_237' title='bbox 309 3704 332 3753; x_wconf 83' lang='lat' dir='ltr'><strong>si</strong></span> <span class='ocrx_word' id='word_1_238' title='bbox 349 3704 377 3754; x_wconf 81' lang='lat' dir='ltr'><strong>ia</strong></span> <span class='ocrx_word' id='word_1_239' title='bbox 394 3704 536 3770; x_wconf 80' lang='lat' dir='ltr'><strong>qassqaom]</strong></span> <span class='ocrx_word' id='word_1_240' title='bbox 568 3705 685 3756; x_wconf 88' lang='lat' dir='ltr'><strong>Vettium</strong></span> <span class='ocrx_word' id='word_1_241' title='bbox 727 3712 781 3756; x_wconf 82' lang='lat' dir='ltr'><strong>tem</strong></span> <span class='ocrx_word' id='word_1_242' title='bbox 802 3706 945 3758; x_wconf 84' lang='lat' dir='ltr'><strong>continuet.</strong></span> <span class='ocrx_word' id='word_1_243' title='bbox 985 3707 1074 3758; x_wconf 86' lang='lat' dir='ltr'><strong>Simile</strong></span> <span class='ocrx_word' id='word_1_244' title='bbox 1096 3707 1191 3772; x_wconf 86' lang='lat' dir='ltr'><strong>aliquid</strong></span> <span class='ocrx_word' id='word_1_245' title='bbox 1215 3712 1257 3758; x_wconf 83' lang='lat' dir='ltr'><strong>ast</strong></span> 
     </span>
     <span class='ocr_line' id='line_1_33' title="bbox 151 3779 1257 3846; baseline -0.001 -16"><span class='ocrx_word' id='word_1_246' title='bbox 151 3779 282 3846; x_wconf 69' lang='lat' dir='ltr'><strong>immineas</strong></span> <span class='ocrx_word' id='word_1_247' title='bbox 293 3779 414 3844; x_wconf 85' lang='lat' dir='ltr'><strong>putidum</strong></span> <span class='ocrx_word' id='word_1_248' title='bbox 426 3787 454 3830; x_wconf 80' lang='lat' dir='ltr'><strong>ot</strong></span> <span class='ocrx_word' id='word_1_249' title='bbox 465 3780 618 3831; x_wconf 83' lang='lat' dir='ltr'><strong>maledicum</strong></span> <span class='ocrx_word' id='word_1_250' title='bbox 629 3796 686 3846; x_wconf 77' lang='lat' dir='ltr'><strong>gra·</strong></span> <span class='ocrx_word' id='word_1_251' title='bbox 727 3780 797 3844; x_wconf 89' lang='lat' dir='ltr'><strong>apnd</strong></span> <span class='ocrx_word' id='word_1_252' title='bbox 815 3781 969 3832; x_wconf 82' lang='lat' dir='ltr'><strong>Terentium</strong></span> <span class='ocrx_word' id='word_1_253' title='bbox 991 3782 1016 3830; x_wconf 92' lang='lat' dir='ltr'><strong>iu</strong></span> <span class='ocrx_word' id='word_1_254' title='bbox 1036 3781 1179 3831; x_wconf 77' lang='lat' dir='ltr'><strong>Heautout.</strong></span> <span class='ocrx_word' id='word_1_255' title='bbox 1204 3780 1257 3830; x_wconf 82' lang='lat' dir='ltr'><strong>‘Iu</strong></span> 
     </span>
     <span class='ocr_line' id='line_1_34' title="bbox 154 3856 1258 3922; baseline 0.001 -16"><span class='ocrx_word' id='word_1_256' title='bbox 154 3858 222 3907; x_wconf 77' lang='lat' dir='ltr'><strong>aiter</strong></span> <span class='ocrx_word' id='word_1_257' title='bbox 230 3856 384 3920; x_wconf 75' lang='lat' dir='ltr'><strong>insectatur,</strong></span> <span class='ocrx_word' id='word_1_258' title='bbox 395 3859 470 3922; x_wconf 85' lang='lat' dir='ltr'><strong>cnjus</strong></span> <span class='ocrx_word' id='word_1_259' title='bbox 487 3857 602 3921; x_wconf 80' lang='lat' dir='ltr'><strong>lingnam</strong></span> <span class='ocrx_word' id='word_1_260' title='bbox 619 3871 687 3907; x_wconf 89' lang='lat' dir='ltr'><strong>mor·</strong></span> <span class='ocrx_word' id='word_1_261' title='bbox 727 3871 770 3906; x_wconf 83' lang='lat' dir='ltr'><strong>me</strong></span> <span class='ocrx_word' id='word_1_262' title='bbox 790 3857 892 3920; x_wconf 82' lang='lat' dir='ltr'><strong>quidvis</strong></span> <span class='ocrx_word' id='word_1_263' title='bbox 909 3858 999 3906; x_wconf 86' lang='lat' dir='ltr'><strong>harum</strong></span> <span class='ocrx_word' id='word_1_264' title='bbox 1026 3871 1111 3906; x_wconf 78' lang='lat' dir='ltr'><strong>rerum</strong></span> <span class='ocrx_word' id='word_1_265' title='bbox 1133 3857 1258 3907; x_wconf 75' lang='lat' dir='ltr'><strong>convenit</strong></span> 
     </span>
     <span class='ocr_line' id='line_1_35' title="bbox 153 3931 1256 4003; baseline -0.003 -20"><span class='ocrx_word' id='word_1_266' title='bbox 153 3933 247 3983; x_wconf 70' lang='lat' dir='ltr'><strong>droam</strong></span> <span class='ocrx_word' id='word_1_267' title='bbox 258 3933 362 3996; x_wconf 75' lang='lat' dir='ltr'><strong>dignam</strong></span> <span class='ocrx_word' id='word_1_268' title='bbox 374 3948 431 3984; x_wconf 81' lang='lat' dir='ltr'><strong>esse</strong></span> <span class='ocrx_word' id='word_1_269' title='bbox 443 3933 518 3997; x_wconf 85' lang='lat' dir='ltr'><strong>dicit,</strong></span> <span class='ocrx_word' id='word_1_270' title='bbox 536 3949 594 3999; x_wconf 81' lang='lat' dir='ltr'><strong>qnae</strong></span> <span class='ocrx_word' id='word_1_271' title='bbox 605 3936 688 3999; x_wconf 81' lang='lat' dir='ltr'><strong>crepi-</strong></span> <span class='ocrx_word' id='word_1_272' title='bbox 727 3934 794 3986; x_wconf 81' lang='lat' dir='ltr'><strong>Qnae</strong></span> <span class='ocrx_word' id='word_1_273' title='bbox 803 3934 876 3984; x_wconf 85' lang='lat' dir='ltr'><strong>dicta</strong></span> <span class='ocrx_word' id='word_1_274' title='bbox 886 3941 946 3983; x_wconf 88' lang='lat' dir='ltr'><strong>sunt</strong></span> <span class='ocrx_word' id='word_1_275' title='bbox 956 3933 984 3981; x_wconf 88' lang='lat' dir='ltr'><strong>iu</strong></span> <span class='ocrx_word' id='word_1_276' title='bbox 994 3931 1120 3982; x_wconf 67' lang='lat' dir='ltr'><strong>stultum!</strong></span> <span class='ocrx_word' id='word_1_277' title='bbox 1253 3998 1256 4003; x_wconf 26' lang='grc' dir='ltr'>Ι</span> 
     </span>
     <span class='ocr_line' id='line_1_36' title="bbox 154 4005 1259 4076; baseline 0 -18"><span class='ocrx_word' id='word_1_278' title='bbox 154 4008 251 4074; x_wconf 61' lang='lat' dir='ltr'><strong>donet</strong></span> <span class='ocrx_word' id='word_1_279' title='bbox 269 4009 321 4060; x_wconf 84' lang='lat' dir='ltr'><strong>alis</strong></span> <span class='ocrx_word' id='word_1_280' title='bbox 339 4009 411 4060; x_wconf 82' lang='lat' dir='ltr'><strong>ioeda</strong></span> <span class='ocrx_word' id='word_1_281' title='bbox 428 4017 456 4061; x_wconf 85' lang='lat' dir='ltr'><strong>st</strong></span> <span class='ocrx_word' id='word_1_282' title='bbox 474 4011 567 4075; x_wconf 87' lang='lat' dir='ltr'><strong>putida</strong></span> <span class='ocrx_word' id='word_1_283' title='bbox 581 4011 688 4076; x_wconf 83' lang='lat' dir='ltr'><strong>lambat,</strong></span> <span class='ocrx_word' id='word_1_284' title='bbox 760 4014 776 4059; x_wconf 81' lang='grc'><strong>4</strong></span> <span class='ocrx_word' id='word_1_285' title='bbox 795 4011 909 4074; x_wconf 79' lang='lat' dir='ltr'><strong>crepidas</strong></span> <span class='ocrx_word' id='word_1_286' title='bbox 919 4007 1064 4070; x_wconf 68' lang='lat' dir='ltr'><strong>quintinus]</strong></span> <span class='ocrx_word' id='word_1_287' title='bbox 1096 4005 1259 4073; x_wconf 69' lang='lat' dir='ltr'><strong>stringunt,</strong></span> 
     </span>
     <span class='ocr_line' id='line_1_37' title="bbox 154 4083 1259 4150; baseline 0.003 -16"><span class='ocrx_word' id='word_1_288' title='bbox 154 4099 265 4150; x_wconf 84' lang='lat' dir='ltr'><strong>eumque</strong></span> <span class='ocrx_word' id='word_1_289' title='bbox 284 4085 414 4149; x_wconf 82' lang='lat' dir='ltr'><strong>admouet,</strong></span> <span class='ocrx_word' id='word_1_290' title='bbox 431 4085 453 4134; x_wconf 87' lang='lat' dir='ltr'><strong>si</strong></span> <span class='ocrx_word' id='word_1_291' title='bbox 472 4085 612 4136; x_wconf 79' lang='lat' dir='ltr'><strong>familiares</strong></span> <span class='ocrx_word' id='word_1_292' title='bbox 629 4100 688 4137; x_wconf 90' lang='lat' dir='ltr'><strong>snos</strong></span> <span class='ocrx_word' id='word_1_293' title='bbox 727 4087 879 4150; x_wconf 69' lang='lat' dir='ltr'><strong>corpotiuosr</strong></span> <span class='ocrx_word' id='word_1_294' title='bbox 902 4084 993 4134; x_wconf 86' lang='lat' dir='ltr'><strong>Snidas</strong></span> <span class='ocrx_word' id='word_1_295' title='bbox 1006 4083 1098 4133; x_wconf 88' lang='lat' dir='ltr'><strong>scribit</strong></span> <span class='ocrx_word' id='word_1_296' title='bbox 1116 4083 1259 4137; x_wconf 72' lang='lat' dir='ltr'><strong>aninum</strong></span> 
     </span>
     <span class='ocr_line' id='line_1_38' title="bbox 155 4158 1259 4226; baseline 0.002 -16"><span class='ocrx_word' id='word_1_297' title='bbox 155 4174 245 4212; x_wconf 78' lang='lat' dir='ltr'><strong>omues</strong></span> <span class='ocrx_word' id='word_1_298' title='bbox 257 4159 407 4212; x_wconf 75' lang='lat' dir='ltr'><strong>interficere</strong></span> <span class='ocrx_word' id='word_1_299' title='bbox 423 4161 498 4226; x_wconf 74' lang='lat' dir='ltr'><strong>velit,</strong></span> <span class='ocrx_word' id='word_1_300' title='bbox 510 4169 540 4211; x_wconf 89' lang='lat' dir='ltr'><strong>ut</strong></span> <span class='ocrx_word' id='word_1_301' title='bbox 555 4161 691 4226; x_wconf 76' lang='lat' dir='ltr'><strong>garrulita·</strong></span> <span class='ocrx_word' id='word_1_302' title='bbox 728 4162 812 4213; x_wconf 85' lang='lat' dir='ltr'><strong>Porro</strong></span> <span class='ocrx_word' id='word_1_303' title='bbox 835 4158 1018 4210; x_wconf 77' lang='lat' dir='ltr'><strong>‘oarhatiun&#39;</strong></span> <span class='ocrx_word' id='word_1_304' title='bbox 1045 4165 1106 4212; x_wconf 90' lang='lat' dir='ltr'><strong>snut</strong></span> <span class='ocrx_word' id='word_1_305' title='bbox 1131 4162 1259 4214; x_wconf 83' lang='lat' dir='ltr'><strong>rustioura</strong></span> 
     </span>
    </p>
   </div>
   <div class='ocr_carea' id='block_1_17' title="bbox 0 0 1413 4702">
    <p class='ocr_par' dir='ltr' id='par_1_18' title="bbox 0 0 1413 4702">
     <span class='ocr_line' id='line_1_39' title="bbox 0 0 1413 4702; baseline 0 0"><span class='ocrx_word' id='word_1_306' title='bbox 0 0 1413 4702; x_wconf 95' lang='lat' dir='ltr'><strong> </strong></span> 
     </span>
    </p>
   </div>
  </div>
 </body>
</html>
