2774 4702
510 333 667 384 cannati
694 337 841 386 XXXIX.

232 479 451 555 Subsellium,
467 498 543 543 oum
558 485 672 545 orator
686 482 814 547 excitat
826 480 953 560 fletum,

232 581 380 647 Reuidei
393 581 472 646 ille:
497 600 557 645 seu
571 581 622 664 pii
637 581 681 646 ad
695 602 810 664 rogum
824 582 873 646 iili

234 684 389 766 Lugetur‚
404 684 487 748 orba
500 702 578 747 cum
592 681 651 748 flet
664 685 796 748 unicum
809 691 928 761 mater,

181 792 184 796 ’
232 785 377 850 Renidet
389 785 467 848 ille:
492 782 652 867 quioquid
666 789 729 862 est,
744 785 943 868 ubicumque
957 790 1017 862 esi,

232 885 479 969 Quodcumque
494 886 581 968 agit3
602 886 738 951 renidet.
784 886 884 951 Hunc
895 888 994 967 babet
1008 888 1168 966 morbum,

232 988 354 1070 Neque
368 987 562 1069 elegantem,
577 993 615 1052 ut
629 989 779 1065 arbitror,
794 1008 902 1072 neque
917 989 1092 1053 urbanum.

232 1089 345 1168 Quare
359 1087 544 1153 mouendus
555 1108 591 1153 es
605 1089 696 1166 mihi,
712 1090 798 1153 boue
815 1089 953 1171 Egnati:

231 1190 269 1253 Si
283 1191 428 1255 urbanus
443 1209 546 1269 esses,
561 1198 619 1256 aut
633 1192 790 1267 Sabinus,
807 1199 865 1255 aut
877 1190 1013 1269 Tiburs,
1203 1195 1244 1259 10

230 1290 302 1356 Aut
315 1296 435 1375 pasius
449 1291 583 1370 Umber,
599 1299 657 1357 aut
670 1293 791 1356 obesus
806 1292 978 1371 Etruscus,

137 1487 193 1522 seor
203 1476 240 1521 est
249 1472 280 1521 od
289 1471 423 1522 adseilism
431 1473 475 1534 rei,
486 1472 526 1522 ubi
536 1478 617 1523 orator
632 1476 747 1538 inopinos
756 1480 896 1531 commanem
920 1481 998 1524 tamen
1008 1474 1057 1538 ipse
1067 1476 1174 1524 arridet.-
1195 1477 1245 1526 sios

134 1539 248 1600 ploratur
261 1539 293 1588 ad
305 1535 382 1595 sasas
391 1535 445 1585 boni
461 1537 522 1600 noti,
531 1541 621 1601 qnando
635 1545 713 1588 meter
728 1538 785 1588 orbo
795 1540 888 1588 uanum
898 1536 978 1587 filium
988 1540 1065 1600 plorat
1073 1555 1083 1595 ,·
1106 1539 1155 1601 ipse
1166 1544 1245 1589 tumes

136 1602 242 1663 arridet,
251 1600 366 1663 quidlibet
380 1601 476 1663 accidit,
494 1617 634 1665 quocumque
653 1603 679 1651 is
699 1605 747 1652 loeo
766 1607 811 1662 ert,
829 1603 937 1666 quicquid
948 1602 1024 1663 sosii,
1039 1618 1128 1666 semper
1143 1605 1245 1655 arridei.

139 1666 197 1714 Hoc
207 1665 276 1713 babet
286 1665 380 1725 ailiam,
390 1680 473 1728 aeque,
483 1673 509 1714 at
520 1666 611 1729 opinor,
617 1667 723 1727 facetam
736 1683 778 1716 seo
795 1673 923 1715 venusiam.
957 1667 1041 1729 linque
1051 1667 1110 1716 dtus
1119 1669 1244 1716 mamam

139 1744 166 1778 es
176 1744 192 1778 a
202 1743 248 1793 me,
258 1743 274 1778 o
285 1728 341 1778 bone
353 1730 453 1790 Egnati,
469 1731 491 1778 si
509 1732 639 1794 Romanas,
655 1736 697 1781 aot
713 1731 814 1780 Saliam
825 1746 894 1796 esses,
902 1735 945 1779 aot
959 1730 1244 1793 matemautensem

603 1861 785 1882 m

140 1954 276 2005 elisionem
287 1957 312 2006 in
323 1957 373 2007 hoe
385 1963 414 2007 et
423 1963 515 2022 quarto
527 1971 602 2006 versu
618 1958 694 2007 Voss.
710 1959 775 2021 legit
793 1957 872 2008 si.-9
890 1958 971 2014 Quare
987 1957 1113 2009 mundas
1127 1960 1162 2004 esi
1176 1955 1244 2006 asili.

140 2019 212 2069 Bone
223 2021 316 2082 Egnati
326 2023 463 2082 Muretus;
480 2022 548 2072 Scel.
559 2029 588 2072 et
597 2024 673 2072 Voss.
684 2023 775 2085 legunt
792 2038 826 2084 es,
843 2021 888 2071 sed
900 2023 1088 2084 interpuuguut
1104 2027 1164 2082 post
1174 2019 1243 2068 mitt.

140 2087 207 2132 —11
224 2084 256 2133 Iu
269 2086 397 2150 plerisque
408 2092 474 2135 vett.
481 2101 567 2148 parcus
581 2086 667 2137 Umber
674 2104 684 2145 ‚-
695 2088 763 2136 unde
774 2087 842 2136 Sosi.
852 2086 918 2135 fecit
933 2099 1027 2148 waes,
1038 2099 1113 2149 qoem
1127 2083 1245 2147 sequitur

139 2146 202 2209 Bip.
220 2149 279 2198 ‘Ea
290 2151 435 2200 emendatio
447 2157 535 2199 nostra
546 2149 713 2201 confirmatur
728 2151 826 2200 Leaico
843 2152 876 2200 P.
890 2150 1021 2209 Danielis,
1035 2148 1078 2198 cui
1097 2148 1179 2210 parile
1194 2160 1244 2211 ego
1278 2183 1281 2188 .

139 2211 197 2259 vidi
219 2212 246 2261 in
270 2214 431 2264 Monasterio
449 2214 654 2265 vindocinensi!
672 2215 736 2265 Saul.
767 2216 880 2265 ‘Parum
902 2220 974 2263 reete
990 2213 1055 2262 Scal.
1074 2212 1155 2262 noluit
1175 2213 1243 2260 enim

139 2276 261 2325 Catullus
273 2278 384 2328 Umbros
393 2278 488 2341 ridere,
503 2278 549 2327 sed
562 2280 649 2342 potius
660 2279 764 2329 laudare
779 2279 930 2329 succulenta
945 2277 1103 2326 Umbrorum
1115 2274 1242 2338 corpore!

139 2340 217 2391 Doer.
249 2341 313 2392 Mel.
322 2357 370 2407 pro
380 2344 495 2408 Parthos,
505 2344 574 2407 quod
585 2343 722 2394 invenerat
737 2344 764 2393 in
775 2344 833 2395 cod.
845 2343 1013 2407 legitfarias:
1024 2340 1127 2406 quidam
1138 2339 1243 2404 pinguis.

638 2498 748 2549 NOTAE

139 2606 207 2655 Cum
219 2605 244 2654 in
260 2606 388 2670 judicium
408 2607 489 2669 venit,
508 2614 538 2658 ut
549 2609 671 2660 advocati
711 2609 831 2672 Tiburte,
850 2609 954 2670 Catillo,
970 2616 998 2659 et
1014 2610 1112 2658 Corace
1131 2605 1243 2668 Graecis,

138 2695 250 2730 munere
275 2680 413 2753 iungatur„
449 2684 578 2733 Subsellia
602 2686 671 2733 enim
712 2685 863 2748 Amphiarai
883 2684 971 2733 liberis
989 2681 1160 2732 communiter
1181 2695 1242 2732 eon·

139 2761 228 2816 erant,
246 2757 273 2804 in
285 2756 376 2820 quibus
388 2756 517 2819 iijudioes
528 2759 573 2823 qni
589 2759 672 2820 Magi·
713 2759 778 2821 dita,
790 2765 844 2808 eta
858 2758 961 2808 Tiburti
978 2759 1055 2807 solius
1073 2757 1175 2806 nomine
1195 2757 1241 2806 Ti·

138 2836 251 2880 stratum
263 2830 385 2879 Curulern
404 2845 456 2880 non
467 2833 601 2895 gerebant,
612 2848 672 2882 con·
712 2835 769 2898 bur,
791 2848 834 2883 seu
857 2834 951 2883 Tiburs
974 2834 1115 2899 appellata.
1147 2831 1240 2885 'libore

137 2905 268 2968 sidebant,
289 2914 318 2957 et
345 2922 434 2958 causas
463 2910 671 2970 cognoscebant:
714 2912 794 2962 etiam
812 2911 880 2960 idem
898 2916 938 2961 est
949 2925 979 2961 ac
990 2910 1149 2975 Tiburtinus,
1159 2918 1187 2961 ei
1198 2911 1243 2961 Ti·

137 2983 282 3047 quinetiam
301 2984 328 3046 ii,
347 2984 392 3048 qui
411 2998 501 3033 causas
512 2991 630 3047 agerent,
646 2985 673 3033 in
712 2985 822 3037 buatius.

138 3060 267 3110 subselliis
277 3066 362 3123 eraut,
373 3075 432 3110 oum
444 3061 494 3110 reis
505 3068 583 3125 atque
598 3061 672 3112 testi·
746 3068 774 3111 ll
793 3063 845 3112 Ant
852 3068 934 3125 posius
945 3062 1052 3126 [porros]
1066 3062 1165 3125 Umber]
1178 3063 1241 3113 Um·
1258 3088 1267 3105 ·

137 3135 196 3185 bus.
230 3134 380 3199 Aliquando
397 3137 477 3185 etiam
489 3137 612 3186 subsellia
624 3152 671 3200 pro
714 3137 769 3187 bria
778 3138 863 3187 Italiae
876 3139 946 3201 regio
955 3139 1026 3188 dicta
1036 3137 1240 3201 ἀπὸτοῦὄμβρου,

136 3211 203 3273 ipsis
210 3210 344 3273 judicibus
356 3211 524 3275 accipiuntur.
559 3213 673 3264 Martini.
711 3214 761 3262 boc
773 3221 822 3275 est,
833 3214 862 3262 ab
874 3213 955 3274 imbre,
969 3213 1037 3277 qood
1049 3214 1151 3275 Umbri,
1162 3214 1242 3263 omni-

136 3285 185 3336 lib.
197 3301 219 3336 1.
234 3287 471 3338 ‘Sextilianebibis
480 3294 603 3353 quantum
613 3289 673 3339 sub·
711 3304 754 3338 um
781 3289 864 3338 ltalia
892 3290 1044 3352 populorum
1064 3288 1244 3352 antiquissimi,

139 3362 215 3412 sellia
225 3363 357 3428 quinque?
711 3365 873 3414 inundationi
883 3370 1009 3413 terrarum
1020 3363 1193 3427 imbribusque
1201 3377 1242 3412 su-

174 3443 205 3487 10
224 3439 253 3487 Si
263 3439 367 3488 missas
376 3454 445 3503 esses,
455 3447 497 3490 ent
508 3440 671 3501 Solitariam
712 3439 839 3504 periuisse
851 3439 1005 3489 credantur:
1023 3439 1064 3487 vei
1075 3439 1243 3490 Umbriadie-

140 3514 239 3578 iibens]
257 3516 310 3565 llic
321 3517 425 3566 urbanas
441 3516 510 3566 idem
527 3525 568 3567 est
578 3533 608 3568 ao
620 3519 671 3567 Ro·
711 3522 739 3564 ta
749 3521 790 3564 est
801 3515 833 3563 ab
845 3515 944 3577 umbra,
954 3514 1024 3579 quod
1035 3527 1066 3565 ea
1082 3515 1154 3580 regio
1165 3530 1243 3581 prop-

136 3605 240 3654 maans,
257 3592 473 3655 quemadmodum
495 3593 595 3643 ‘Urbs'
618 3594 671 3642 κατ’
713 3597 753 3640 ter
771 3589 902 3652 Apennini
915 3591 1006 3641 montis
1019 3590 1177 3642 vicinitatem
1189 3608 1243 3642 um·

137 3666 226 3728 ἐξοχὴν
245 3667 340 3717 dicitnr
360 3669 451 3719 Roma.
485 3669 672 3720 Sabiniauiem
712 3666 790 3718 brosa
812 3668 855 3729 sit,
877 3668 950 3732 cujus
976 3669 1067 3720 incolae
1095 3671 1158 3720 dicti
1182 3678 1242 3721 suut

137 3741 345 3807 populifueruut
361 3743 591 3808 inqnartsltalia
608 3747 673 3810 regi·
712 3744 805 3794 Umbri
824 3745 865 3793 vel
885 3745 1009 3795 Umbrici.
1040 3747 1134 3796 Porcus
1146 3753 1242 3807 autem,

137 3834 188 3869 one
205 3833 257 3869 non
276 3821 354 3882 longe
373 3821 406 3870 ab
428 3819 493 3871 urbe
512 3822 602 3873 Roma.
635 3822 672 3872 Hi
712 3821 832 3870 Varrone
844 3827 921 3883 teste,
938 3821 1040 3886 pinguis
1058 3829 1085 3871 et
1097 3822 1189 3871 obesus
1200 3836 1243 3871 ve-

136 3907 231 3957 graves
241 3894 326 3944 babiti
337 3893 443 3946 fuerunt
454 3902 483 3945 et
494 3898 599 3948 austeri.
617 3897 672 3948 Ho·
713 3896 810 3946 teribus
822 3897 969 3949 dicebatur.
1001 3895 1054 3945 Alii
1066 3911 1129 3946 vero
1140 3898 1241 3961 legunt,

138 3976 190 4020 rat.
199 3983 232 4020 ιι.
240 3970 324 4033 Epist.
336 3976 359 4021 l.
375 3971 441 4021 ‘Vel
453 3972 552 4034 Gabiis,
562 3973 603 4023 vel
612 3988 671 4024 cum
710 3987 806 4036 porciu,
816 3973 861 4022 sed
874 3975 940 4023 male
952 3990 959 4034 ;
979 3986 1037 4022 nam
1049 3971 1122 4020 lnam
1133 3971 1241 4022 Umbro·

136 4047 230 4111 rigidis
244 4053 349 4112 aequata
365 4047 485 4099 Sabinis’
516 4050 609 4100 'liburs
629 4050 673 4100 Ci-
713 4063 770 4098 rum
790 4048 907 4098 amuliis
923 4046 1061 4097 incessitur
1072 4046 1241 4112 scriptoribus

136 4122 208 4171 vitas
234 4122 263 4172 in
291 4121 403 4186 Sabinis,
432 4124 530 4174 crebris
557 4124 672 4178 sontibus
713 4123 820 4175 idoneis.
1219 4150 1222 4155 ·

135 4196 246 4264 irrigua,
263 4198 324 4250 olim
341 4199 548 4265 Polystephanus
564 4201 670 4268 dicta,s
743 4199 795 4252 Asi
812 4199 892 4255 eleut
907 4195 1035 4262 semro]
1056 4198 1162 4271 Etruria
1183 4201 1223 4272 sit
