2774 4702
150 285 216 350 360
493 294 601 345 sora
626 294 829 345 vsurouuu
855 295 895 344 ru

145 436 677 502 totaomuiaaceiperepossint,omnibus·
716 445 790 500 rum,’
811 440 895 503 palam
914 442 954 488 est
970 451 1029 487 eum
1049 437 1194 502 intelligere
1216 443 1253 493 ad

146 529 196 580 (με
217 513 299 562 modis
321 521 430 576 motare,
451 521 530 578 atque
552 526 585 563 cx
607 513 675 563 omui
715 529 826 577 scurras,
843 514 891 562 lroc
904 518 957 574 est,
974 512 1008 561 ad
1023 513 1184 563 orchestram
1203 531 1251 580 pa.

145 586 240 653 parte!
256 586 337 638 ls'ois.
715 589 800 639 tritius
812 589 940 638 transisse.
957 589 1029 638 Male
1037 602 1063 638 n.
1074 589 1150 638 lrodie
1158 591 1251 655 legunt

178 669 210 714 ta
225 662 324 726 Semo]
350 665 435 715 Quem
453 664 531 714 modo
548 664 674 714 urbanum
717 664 869 714 morta:
893 665 935 714 cui
952 664 1071 728 ineptum
1088 679 1192 731 quoque
1210 668 1250 717 iu·

145 741 258 791 vocavit.
299 740 398 789 Notum
425 740 492 790 enim
519 755 553 790 ex
576 742 673 791 Plauto
715 748 946 804 terpretaruentum
957 745 1103 804 apponunt.
1120 741 1185 792 scat.

145 829 248 865 scarras
275 820 302 864 et
334 815 444 864 urbanos
471 816 576 865 eosdem
608 830 673 866 esse.
750 820 780 864 1³
797 816 947 879 Aatdqas'd
964 816 1007 864 loc
1023 815 1155 879 retrits‘as]
1186 817 1251 868 Sus-

144 892 233 944 Quare
251 895 279 940 et
294 889 409 940 dicteriis
424 889 473 939 sibi
490 891 587 939 victum
598 906 673 941 aucu-
714 890 786 953 pioor
797 890 929 940 Catullum
940 889 1087 953 scripsisse,
1097 890 1148 940 Ast
1158 891 1182 940 si
1190 893 1251 955 qaid

143 965 282 1029 pabantur.
316 963 384 1016 Quis
398 964 674 1015 auteruscenaticiho·
713 965 876 1015 horrescitias
890 965 1021 1014 videbunt.
1048 964 1190 1029 Retritum,
1206 985 1253 1016 to·

143 1041 235 1104 mines,
251 1053 316 1104 quos
332 1036 459 1100 διαλόγους
474 1044 567 1089 vocant
577 1039 674 1103 Graeci,
712 1039 840 1104 λιντριβές.
867 1040 1025 1102 Metaplrora
1041 1053 1056 1089 a
1073 1041 1206 1090 veteribus
1222 1050 1252 1092 et

143 1117 253 1169 dicteria
262 1116 426 1167 funditabant
438 1115 470 1165 sd
483 1115 561 1165 risum
571 1123 674 1180 specta·
713 1115 835 1165 obsoletis
853 1114 1022 1164 vestimentis.
1045 1114 1140 1178 ltaque
1156 1123 1187 1166 et
1203 1118 1251 1167 hu·

143 1193 241 1246 toribus
252 1192 403 1253 tollendum,
416 1199 554 1256 propterea
565 1190 673 1257 factum,
709 1190 823 1255 jusmodi
838 1189 952 1240 homines
968 1190 1058 1240 Greci
1072 1189 1188 1254 spinosos
1206 1210 1250 1245 ro·

144 1277 174 1320 ut
200 1269 285 1331 Minu,
305 1270 416 1331 Scurrae,
436 1275 465 1317 et
487 1267 575 1318 urbani
598 1282 674 1317 voca·
715 1265 870 1329 caut,quasi
882 1265 974 1315 retrita
986 1266 1072 1328 pallia.
1090 1268 1167 1319 ldssrs.

143 1354 243 1399 rentur.
267 1347 390 1400 Juvenal.
412 1346 537 1395 ‘mimum
556 1347 611 1409 agit
630 1347 675 1398 ille
749 1346 778 1391 17
792 1342 887 1391 Goadet
898 1340 967 1404 isse]
983 1344 1105 1405 Propert.
1115 1349 1123 1374 ‘
1133 1347 1252 1410 cynthia

142 1423 243 1472 Urbani
257 1422 360 1487 qualem
376 1420 503 1471 facundus
519 1435 608 1470 scurra
627 1423 675 1471 Ca·
715 1417 742 1466 iu
753 1417 853 1467 exuviis
865 1416 960 1481 gaudet
969 1415 986 1466 ι’
1002 1424 1029 1467 et
1044 1417 1114 1481 alibi,
1128 1419 1251 1483 ‘gaudet

143 1497 217 1548 culli!
235 1498 362 1549 Prudsut·
389 1497 480 1546 ‘Dum
491 1496 586 1547 Scurra
595 1497 675 1546 saltas
714 1493 741 1541 iu
764 1491 863 1556 puero.’
894 1491 1015 1542 Qualiter
1042 1492 1131 1543 Graeci
1154 1495 1251 1546 dicunt

141 1569 273 1621 tabulam!
305 1573 341 1622 Et
364 1571 469 1620 mimum
493 1585 608 1621 scurram
627 1572 675 1623 Ju·
713 1565 804 1632 xoipsu
819 1564 857 1615 tvl
871 1569 922 1616 sois
936 1566 1042 1628 ἀγαθοῖς.
1073 1566 1174 1619 Aruob.
1193 1571 1250 1621 ‘Et

142 1647 338 1710 venallsvocat‚
353 1654 381 1697 et
399 1647 525 1696 urbanum
539 1648 675 1710 mimogra·
714 1643 778 1692 illud
799 1644 977 1706 spectaculum
1000 1642 1138 1692 maximum
1161 1645 1251 1711 Baby·

142 1723 223 1787 pirum
241 1722 325 1786 ipsum
336 1723 485 1782 Catullum
503 1736 580 1786 quem
598 1722 675 1772 aliter
714 1717 773 1767 lone
782 1718 808 1766 in
818 1717 963 1781 inguinibus
970 1716 1032 1767 est’
1046 1717 1136 1768 Simile
1146 1720 1248 1771 stillud

142 1796 298 1847 ‘urbicum'
313 1795 443 1847 Martialis
455 1795 559 1859 politas
570 1795 674 1845 urbica·
713 1791 847 1856 Propertii
865 1791 899 1840 de
916 1791 1024 1842 Thaide.
1059 1793 1112 1841 ‘lu
1132 1809 1186 1858 qua
1202 1809 1248 1859 po·

143 1870 225 1924 riom’
243 1873 402 1937 Fulgentius.
436 1871 505 1919 Hinc
515 1885 592 1934 quum
603 1870 673 1919 idem
712 1869 789 1931 palus
799 1868 896 1933 plausit
907 1866 1080 1916 Erichtonius.
1097 1866 1181 1919 sota.

100 1982 111 1996 .
142 1948 278 2002 Juvenalis
294 1947 360 1998 dixit
375 1946 544 1995 ‘Trascurria
555 1945 673 2010 patritio·

503 2232 709 2300 GARMEN
732 2233 884 2300 XXIII.

174 2493 188 2536 1
207 2487 278 2549 Feri,
292 2488 348 2550 quoi
363 2502 436 2551 nepae
450 2501 530 2536 sersus
544 2492 589 2549 est,
600 2502 673 2550 seque
712 2486 792 2550 oblig.
818 2486 889 2536 Hinc
910 2486 1026 2536 ‘arcarii
1040 2485 1128 2551 servi}
1148 2487 1246 2551 quibrrs

141 2564 210 2626 meu]
251 2563 372 2614 Juvenal.
403 2562 547 2626 ‘qusutmn
573 2560 674 2612 ferrata
712 2562 808 2612 domiai
828 2562 948 2626 menois,
968 2569 996 2612 et
1014 2564 1069 2627 ejus
1089 2578 1152 2614 cura
1174 2579 1246 2614 com·

140 2637 222 2688 disset
235 2638 267 2687 ab
278 2651 340 2688 arca
350 2636 488 2688 Saeculus.'
509 2636 591 2687 Idem.
607 2639 673 2701 ‘po-
711 2639 797 2688 missa.
831 2639 959 2701 Scoerola,
986 2640 1003 2690 l.
1030 2641 1062 2689 C.
1080 2640 1108 2688 iu
1127 2641 1144 2689 l.
1164 2641 1246 2690 'llrais

50 2770 59 2777 ι
140 2711 445 2763 sitasedluditurarca!
474 2712 672 2763 CiceroPato:
712 2726 771 2763 xst.
792 2715 816 2776 i.
836 2715 884 2764 ult.
905 2714 932 2762 π·
952 2714 986 2764 de
1002 2713 1131 2766 fideicom.
1153 2715 1246 2766 libert.

141 2789 217 2840 ‘Nos
232 2790 289 2851 jam
306 2803 339 2837 cx
359 2788 428 2838 arcis
446 2794 548 2838 tautum
566 2789 673 2839 habebi·
712 2789 839 2840 Rsruires.
849 2789 884 2840 de
895 2791 1002 2840 arcariis
1013 2791 1094 2841 serris
1105 2791 1167 2841 side
1182 2791 1245 2855 Pig-

119 2872 127 2891 ‘
141 2878 208 2924 mas,
219 2869 249 2911 ut
259 2863 381 2912 Verrium
391 2868 472 2924 tuum,
486 2869 514 2912 et
526 2865 672 2927 Camillum,
710 2865 811 2914 dorium
820 2880 852 2916 ac
864 2866 1000 2929 Popmam.

137 2953 191 3003 ,qua
198 2936 464 2987 munditialromines?
475 2939 670 3002 voearesaepius
741 2944 758 2988 tl
776 2940 881 3003 Conjrqs
898 2941 988 3005 ΕΜ]
1011 2941 1118 2992 Lucret.
1139 2941 1186 2992 lits.
1202 2955 1243 2992 ss.

140 3009 299 3063 audeamus!
318 3010 381 3062 Stoi.
709 3014 860 3079 ‘Nervosa,
880 3022 909 3066 ct
929 3017 1016 3080 lignea
1034 3016 1153 3066 Dorcas!
1183 3018 1245 3068 Ele-

171 3086 248 3151 Aroa]
258 3085 671 3150 Paupertstissigaumerat‘nou
709 3095 802 3154 gauter
817 3091 857 3140 ita
872 3098 949 3141 vocat
967 3091 1080 3154 puellam
1095 3091 1171 3142 arido
1188 3107 1246 3143 cor·

139 3161 235 3213 lrabere
254 3161 356 3213 arcam!
380 3163 419 3212 Ut
437 3161 479 3212 hic
499 3170 528 3214 et
546 3165 596 3228 Ep.
615 3178 671 3230 seq.
709 3180 773 3228 pore
794 3172 823 3216 et
844 3180 975 3216 exsuccos
997 3179 1086 3216 veram
1100 3167 1160 3229 jara
1180 3176 1245 3218 sate

140 3246 233 3289 contra
248 3238 351 3289 ‘arcam
366 3237 477 3288 habers'
493 3238 618 3290 dicuutur
632 3241 670 3290 di·
709 3242 829 3293 comicus
839 3238 1165 3305 ΑΙει11,Ἂκρολέπροε,τδ
1179 3241 1247 3293 &aa

138 3316 222 3366 vites:
240 3315 267 3364 iu
283 3329 316 3364 ea
331 3314 399 3365 enim
416 3314 539 3378 pecunias
556 3315 670 3379 depone·
707 3319 775 3378 σᾶμα
786 3315 908 3379 ὑπόξυλον·
930 3315 991 3366 lriuc
1007 3321 1035 3366 et
1050 3315 1189 3378 ενλοιύμβη
1205 3318 1245 3369 fe·

139 3391 211 3443 baut.
244 3393 325 3442 Mart.
347 3391 392 3441 lib.
413 3405 445 3441 rs.
466 3391 556 3455 Epigr.
578 3395 603 3442 4.
626 3392 670 3442 ubi
708 3391 778 3441 arius
791 3391 889 3444 dicitur
905 3392 976 3455 turpi
992 3390 1085 3455 forma,
1102 3393 1174 3456 apud
1191 3395 1247 3444 na·-

138 3467 233 3517 Sextua
260 3467 306 3516 ille
333 3463 467 3515 fenerator
495 3467 616 3531 queritur
641 3481 670 3516 se
708 3467 787 3517 statis·
811 3466 934 3517 Eamderu
946 3465 1026 3530 polita
1037 3466 1145 3520 doctiss.
1155 3475 1245 3533 vocat,

139 3553 255 3590 nummos
275 3552 325 3588 uon
342 3539 438 3590 habere
455 3540 483 3590 ia
500 3555 579 3593 arcae
605 3542 670 3593 item
708 3544 881 3607 ‘nervosaml
897 3545 925 3595 id
942 3551 992 3604 est,
1009 3545 1126 3610 rigidam,
1140 3547 1244 3613 duran,

138 3614 444 3681 superacutum.
464 3617 669 3681 Epigntddib.
709 3633 802 3684 aspero
828 3619 972 3685 scabroque
1002 3634 1131 3685 corpore;
1160 3630 1242 3690 stqae

138 3709 202 3746 vrrs.
228 3694 319 3758 Epigr.
333 3696 375 3744 11.
392 3693 437 3743 lib.
448 3707 489 3745 rx.
519 3698 611 3761 Epigr.
626 3704 668 3749 tto.
708 3695 898 3745 adeorobusto.
914 3695 1244 3763 Mollitiessclsvitsslra·

137 3770 173 3820 de
189 3766 381 3821 ‘Arcadoviu'
397 3774 426 3818 et
443 3768 488 3819 lib.
499 3782 527 3821 x.
543 3773 632 3836 Epigr.
643 3778 669 3824 4.
708 3770 837 3821 beuturin
845 3770 951 3833 delitiis,
961 3785 1045 3836 eaque
1053 3772 1132 3823 variis
1140 3775 1242 3826 artibus

138 3846 181 3897 Sic
191 3846 285 3897 Horat.
294 3844 351 3895 Sat.
359 3858 379 3895 r.
391 3843 425 3894 de
436 3842 595 3909 Asaro,‘At
605 3849 670 3898 milri
707 3860 725 3895 a
741 3844 894 3910 quibusdam
909 3846 1050 3896 etiamnum
1068 3857 1241 3914 ψει-οπως

138 3921 235 3985 plaudo
246 3920 669 3986 lpsedomisimulacaumoscoa·
708 3922 798 3972 soluat
816 3927 904 3971 tamen
921 3921 960 3971 illi
980 3920 1120 3974 formarum
1136 3934 1241 3990 specta·

138 3998 287 4060 temptoria
298 3997 376 4047 arca!
395 3995 493 4046 Paulus
503 3996 566 4047 item
576 3998 590 4047 I
599 3998 631 4048 c.
640 4000 668 4048 iu
707 4004 778 4048 tores
789 4012 895 4061 corpus,
909 4012 960 4047 uon
971 3999 1074 4048 orualno
1083 4014 1182 4052 eastre
1193 4008 1241 4054 sat
1281 4059 1284 4063 ,

138 4074 157 4122 l.
184 4073 487 4125 Offiliasxcv11.s“dc
509 4075 560 4139 leg.
571 4089 615 4126 ιιι.
638 4081 668 4125 et
705 4071 858 4127 flaccidum:
882 4087 967 4138 neque
986 4088 1134 4139 nervosum,
1152 4091 1240 4144 aeque

138 4146 266 4200 idemiol.
284 4149 313 4200 di
324 4155 421 4204 certos.
429 4162 539 4203 must.
554 4150 586 4202 ds
595 4150 669 4203 veri.
706 4159 911 4203 euerrsamsnt:
929 4151 978 4205 lroc
986 4151 1096 4204 solidum
1103 4157 1241 4224 vocat-lau·
