2774 4702
329 319 542 369 u.vm.na11
567 317 734 367 curuum
759 317 915 366 unauna
944 317 1022 365 uxr.
1162 296 1229 363 893

122 465 224 518 dicitur
240 463 341 514 Videor
361 463 411 514 lios
434 462 541 524 dixisse,
560 461 588 511 id
610 466 660 524 est,
696 459 783 510 tradat
794 459 939 509 cinerario.
957 459 1034 507 idem.

121 549 191 608 puto
206 554 249 590 me
259 541 308 590 ltoo
326 539 441 600 dixisse3
458 537 505 588 sed
523 538 601 588 etism
613 538 659 587 Vi·-
729 542 777 589 117
794 537 874 588 Hodie
888 541 960 599 atqua
975 535 1040 598 teri]
1057 531 1229 583 Proverbiunr

121 619 191 668 deor
217 617 291 666 illum
317 617 367 666 lroc
393 615 502 665 dixisse.
549 615 658 664 Terent.
696 615 858 675 Graecorum,
880 611 937 674 χθὲς
959 611 998 661 καὶ
1021 610 1108 675 rpem.
1152 609 1228 662 Quod

123 693 241 755 Proloqo
252 690 360 740 Plrorm.
374 692 383 720 ⁴
395 691 506 741 Cervam
524 688 607 739 videri
618 688 659 738 fn·
696 689 785 754 inepte
793 689 920 739 drantius
931 694 1034 738 mutare
1045 687 1138 736 voluit.
1154 685 1230 736 idest.

124 782 197 831 gere.
220 765 317 816 sectari
337 764 428 816 canu?
471 765 539 815 Nam
567 763 659 828 procul
728 771 777 817 ltttl
804 765 957 829 cinerarius]
985 765 1101 814 Glossa:
1131 762 1230 811 Giaeru·

123 843 206 893 dnbio
218 842 255 892 ita
266 842 393 906 scriptam
405 840 509 904 reliquit
519 839 657 889 Comicusr
694 844 756 905 stas,
767 843 849 893 δοῦλαι
860 841 960 906 troipas·
988 840 1088 904 capta,
1112 840 1228 900 γυναικοῖν

124 922 197 988 qnod
215 921 323 971 verbum
339 920 421 982 magis
438 926 530 982 aptum
542 928 658 980 personas
696 917 824 980 assumis.
841 919 917 968 Idem

124 997 275 1059 insanienti,
297 995 332 1046 de
353 1010 404 1060 qua
431 993 570 1058 intelligit3
599 991 660 1054 quia
730 989 1231 1060 cinerarius]Qniatciuiflotestfflor·

124 1074 212 1136 eidem,
220 1073 248 1122 id
259 1078 309 1132 est,
317 1070 347 1121 rit
357 1073 434 1120 toreis
443 1069 482 1120 sal
492 1066 660 1132 φαντάζεσθαι,
697 1073 771 1136 phyr.
783 1079 811 1122 et
828 1071 927 1122 Acron.
945 1071 978 1120 ad
998 1070 1095 1120 Horat.
1106 1081 1127 1117 t.
1139 1068 1195 1117 Sat.
1206 1072 1233 1119 2.

124 1149 204 1210 longe
216 1146 436 1196 accommodatius
444 1145 558 1196 turbatas
568 1143 660 1205 monti,
696 1148 769 1197 Dicti
790 1145 959 1198 ‘Cinitlones'
977 1145 1048 1211 quod
1067 1146 1094 1194 iu
1113 1144 1230 1194 cinereni

125 1222 319 1289 qnamrddpfis.
353 1223 422 1273 Nam
441 1221 565 1288 ejusmodi
580 1220 661 1271 homi·
697 1221 762 1273 daut
779 1222 813 1272 ad
832 1222 930 1272 ferrum
947 1220 1164 1273 calefaciendum.
1192 1221 1231 1271 M.

124 1312 174 1348 nes
184 1305 279 1362 putant
289 1314 316 1348 rs
326 1298 414 1348 ridere
424 1297 493 1363 quod
503 1310 553 1347 uon
563 1296 660 1346 vident.
697 1299 773 1361 Coto,
789 1305 819 1348 ut
838 1299 932 1349 author
945 1305 986 1348 est
1005 1298 1143 1362 Sosipater
1154 1296 1201 1346 lib.
1212 1309 1233 1347 1.

125 1375 164 1424 Et
179 1373 228 1423 lroc
244 1381 287 1424 est
302 1376 386 1424 δοκεῖν.
419 1375 452 1424 In
468 1381 557 1424 nostro
572 1379 659 1423 tumen
697 1373 724 1422 iu
735 1374 863 1438 Originib.
873 1374 988 1438 scripsit,
1004 1373 1167 1423 Cincrsrium
1176 1385 1233 1421 mn·

126 1450 228 1513 scripto
247 1451 385 1514 legebatur
405 1450 474 1499 rideo
491 1464 541 1499 uon
562 1451 659 1498 sidem
696 1448 779 1498 liebre
789 1449 958 1499 ministerium
976 1463 1042 1510 esse,
1053 1447 1098 1513 qni
1118 1459 1234 1511 tinguen-

125 1525 198 1575 nnde
216 1533 380 1576 correctores
394 1527 496 1590 legunt,
514 1527 661 1576 Flumineam
698 1531 727 1574 ta
744 1539 776 1573 ex
793 1525 881 1574 cinere
899 1525 1054 1588 composita,
1073 1522 1164 1589 quibus
1181 1529 1236 1572 mu·

124 1601 195 1650 owen
205 1604 292 1650 omre.
306 1599 391 1652 Idem.
697 1600 774 1649 lieres
785 1599 907 1663 capillum
920 1599 1120 1662 ungitabant,ut
1132 1598 1235 1648 rutilior

161 1680 209 1726 lte
222 1678 662 1742 NeassaucespuerisuegetDesortaat
698 1680 769 1725 esset
789 1675 877 1736 crinis,
903 1674 1070 1725 conficiebat.
1098 1675 1177 1724 Varr.
1201 1674 1235 1724 d'e

126 1750 218 1798 danici
235 1751 345 1815 ακάἰακα]
369 1752 449 1802 Pueri
467 1753 603 1814 meritorii,
617 1753 661 1818 qni
699 1752 730 1800 Ι..
743 1752 772 1800 l..
784 1750 829 1800 lib.
840 1764 878 1799 tv.
901 1750 1079 1812 ‘Calamistri,
1090 1749 1160 1814 qnod
1177 1750 1235 1800 heia

127 1831 206 1874 eraut
216 1825 243 1875 in
255 1827 331 1876 domo
343 1827 545 1891 patrisfamilias,
555 1844 634 1893 quum
646 1843 661 1878 a
699 1825 843 1876 califacteis
855 1825 881 1874 iu
893 1827 981 1875 cinere
996 1826 1106 1890 capillus
1117 1832 1235 1875 ornatur.

126 1901 199 1964 turpi
220 1899 307 1952 officio
326 1902 529 1967 dimitterentur,
545 1918 626 1954 nuces
646 1920 662 1954 a
700 1903 752 1956 Qui
763 1916 794 1951 ea
803 1901 966 1951 ministrabat
985 1916 1000 1951 a
1020 1901 1236 1951 CinereCiuera·

125 1989 197 2025 novo
212 1989 307 2041 sponso
317 1978 492 2043 accipiebant,
509 1995 572 2044 quas
591 1995 662 2044 epar·
700 1977 754 2026 rius
764 1982 805 2026 est
816 1976 981 2040 adpellatus.’
998 1974 1237 2040 ‘Cinerariifines,’

126 2052 664 2116 gerent,nuptialiaotiesceuuiuacanen·
699 2053 952 2116 suntSepultnrarii.
978 2052 1078 2102 Auctor
1096 2051 1129 2102 de
1146 2051 1235 2102 Iimlt.

128 2135 181 2175 tes.
213 2125 278 2176 Ideo
288 2128 391 2178 Plinius
409 2143 489 2178 nuces
507 2129 663 2194 nuptialium
699 2131 707 2158 ⁴
721 2129 799 2178 Fines
810 2129 958 2192 cinerarios,
970 2129 1027 2177 sive
1038 2128 1237 2191 sepulturarios,

127 2199 378 2253 actesccnninornm
387 2212 464 2255 vocat
472 2207 587 2256 comites.
604 2207 664 2257 Hoc
701 2205 739 2254 sic
751 2203 875 2266 intelligis
887 2217 938 2268 quo
948 2203 1046 2252 vadunt
1057 2205 1156 2266 rigores
1168 2204 1237 2254 inter

127 2277 663 2331 institutumeGraecisfontibusmanasse
702 2278 893 2341 possessiones.'
920 2279 928 2306 ‘
952 2278 1130 2327 Cinerarinm'
1156 2279 1237 2328 etiam

127 2354 268 2417 perspicue
291 2369 379 2405 verum
402 2363 452 2406 est.
493 2357 559 2407 Natu
582 2358 609 2407 in
632 2368 664 2407 ea
702 2356 830 2405 suntollas
850 2361 877 2403 et
893 2367 966 2404 urnas
983 2355 1168 2415 cinerum,seu
1181 2368 1238 2404 vas·

129 2437 210 2492 gente
219 2444 300 2480 noras
308 2446 418 2494 sponsus
427 2447 507 2482 nuces
514 2432 667 2496 juglandes,
702 2433 800 2496 culum,
809 2446 860 2496 qno
871 2431 1052 2481 condebantur
1067 2439 1169 2480 mortua
1180 2432 1237 2481 cor·

129 2504 290 2568 amygdalas,
312 2512 341 2555 et
359 2505 387 2556 id
408 2521 489 2570 genus
515 2508 666 2573 spargebat,
702 2521 776 2571 pora.
810 2509 850 2556 Ex
867 2507 959 2556 Veteri
978 2507 1162 2570 inscriptione,
1177 2503 1236 2570 qu'ae

129 2594 190 2644 quas
202 2580 253 2644 ipsi
264 2580 440 2644 καταχύσματα
451 2584 589 2634 vocabunt.
611 2583 665 2634 Ad·
701 2583 727 2632 in
739 2584 776 2632 D.
787 2583 864 2632 Pauli
876 2581 942 2632 AEde
958 2582 990 2632 ad
1007 2576 1117 2646 primum
1129 2583 1161 2632 ab
1172 2581 1237 2632 urbe

130 2657 198 2706 dunt
210 2657 383 2708 Grammatici
394 2673 472 2708 nuces
483 2660 517 2709 ob
532 2661 581 2709 lroc
593 2674 666 2724 spar-
703 2660 786 2708 Roma
797 2659 920 2721 lapidem,
937 2659 979 2707 via
997 2659 1122 2725 Ostiensi,
1141 2659 1237 2725 legitur

131 2732 169 2795 gi,
188 2737 219 2781 ut
235 2734 373 2796 strepitum
395 2732 505 2784 ederent
526 2736 610 2799 pueri,
631 2747 665 2786 ue
703 2732 731 2782 id
743 2733 801 2782 elici
815 2747 889 2795 posse
902 2733 1015 2783 videtur.
1222 2739 1226 2746 '

129 2809 230 2858 clamor
251 2815 341 2871 nupta
363 2809 505 2859 audiretur.
547 2812 583 2870 Et
604 2825 666 2862 sane
736 2808 771 2856 T.
788 2809 929 2857 Cnsvnrvs

131 2883 222 2933 Greci
241 2885 310 2934 idem
333 2886 424 2948 simile,
446 2900 591 2951 quanquam
614 2901 666 2937 nou

89 3005 92 3007 i
130 2958 252 3018 nucibus,
263 2974 346 3024 prope
357 2960 497 3012 iaciebant.
518 2962 586 3012 Nam
597 2963 666 3026 apud

131 3048 223 3085 emnm
239 3037 434 3087 Grammaticos
453 3039 510 3088 haec
526 3040 666 3103 leguutnrz

132 3110 252 3174 Kronios,
262 3114 311 3160 τῶν
321 3111 494 3176 ermpovpdruv
500 3115 544 3162 τοῦ
552 3113 667 3178 θαλάμου,

132 3186 149 3237 d
160 3187 327 3237 drmrorodotr
337 3187 427 3251 ἔξωθεν,
438 3189 497 3238 ὅταν
507 3189 667 3250 συγκατακλί-

131 3281 203 3322 νηται
211 3266 247 3326 τῷ
257 3264 346 3327 νυμφίῳ
359 3263 516 3328 ἡγημαμένη.
550 3266 620 3315 Hinc
631 3266 668 3314 in·

131 3340 271 3404 telligitur,
291 3356 370 3406 quare
400 3342 531 3391 desertum
554 3355 668 3391 amorem

131 3415 232 3465 domini
243 3417 324 3480 dicat,
335 3425 429 3482 utpote
439 3418 644 3483 quemdominus
654 3433 670 3468 α

737 2884 869 2937 Zosimus.
886 2897 965 2935 sacra

738 2962 867 3011 Lucinam.
886 2975 997 3012 enteca.
1016 2974 1115 3015 aanor.
1157 2979 1160 2984 ·
1228 2976 1230 2980 ·

738 3037 1061 3087 curma—noscnono.
1078 3052 1130 3088 sort
1226 3047 1230 3070 ⁷

739 3112 933 3175 Miraberis.
951 3125 1105 3162 crasmaro

738 3188 929 3237 Ennianum.
947 3196 1059 3236 vnncvrs

738 3263 791 3313 Do.
807 3273 945 3312 otranno.
963 3275 1005 3311 nr.
1023 3276 1079 3313 erar

739 3339 787 3387 Er.
804 3350 869 3387 svis.
887 3348 1042 3390 romaniae.
1059 3351 1167 3391 nonum.
1227 3350 1231 3367 ·-

740 3415 829 3463 Ioum
846 3427 909 3465 ran.
926 3405 966 3465 πῖ.
985 3427 1043 3465 aar.
1060 3429 1123 3466 ean.
1141 3404 1179 3467 νῖ.
1227 3423 1232 3429 ’

132 3491 279 3542 concubino
290 3492 428 3543 adnovam
439 3499 548 3558 nuptam
560 3494 670 3544 transtu·
741 3494 789 3539 lta
813 3491 902 3539 Tondet
919 3491 956 3554 as]
991 3491 1085 3541 Tonsio
1104 3493 1130 3541 in
1153 3495 1239 3558 pneris

133 3568 205 3617 lesit.
224 3569 301 3618 Idem.
709 3571 809 3630 siguum
821 3571 879 3615 erat
890 3567 1005 3616 emeritae
1020 3567 1164 3619 libidinosas
1175 3570 1241 3621 miii·

168 3646 218 3692 lto
234 3643 533 3708 &odeloattibioillicd
556 3645 670 3694 Omnino
708 3643 767 3703 tioe3
786 3643 854 3708 qnod
869 3645 925 3708 jam
945 3645 1108 3710 pubertatem
1120 3648 1241 3712 ingrede-

133 3719 288 3781 leg'endum:
306 3717 439 3770 Sordedaat
453 3720 500 3770 tibi
518 3722 596 3771 cillica
608 3722 670 3770 Corr-
707 3725 816 3768 rentur.¹
834 3720 950 3770 Martini.
974 3721 1019 3771 lib.
1038 3735 1058 3772 1.
1085 3724 1176 3787 Epigr.
1200 3722 1241 3775 82.

134 3792 218 3842 culiae
228 3794 298 3843 laodic
316 3799 386 3858 atque
402 3796 465 3858 lteri,
481 3795 561 3845 rerba
572 3796 670 3859 sponsi.
708 3793 755 3843 lib.
765 3808 792 3843 r.
804 3796 894 3860 Epigr.
906 3799 948 3845 44.
982 3798 1093 3846 Etnova
1103 3805 1186 3861 nupta
1195 3797 1241 3848 dc»

136 3871 231 3934 Nuper
242 3871 344 3921 delitias
356 3871 472 3922 faciebas
485 3887 515 3922 ac
531 3886 572 3920 me
585 3871 670 3936 despi-
708 3882 778 3920 mum
796 3886 853 3921 curo
871 3872 1025 3934 ducebatur,
1041 3872 1126 3934 primo
1143 3873 1185 3922 die
1196 3887 1240 3924 ea·
1291 3910 1293 3914 -

134 3946 236 3998 ciebas.
276 3949 354 3999 Nunc
378 3949 425 3999 tibi
445 3954 569 3998 nascente
590 3947 671 3996 barba
709 3946 1148 4010 pillatosmaritipuerostondebat.
1159 3949 1241 4001 Mart.

136 4021 179 4071 hic
191 4023 275 4072 fastus
295 4023 402 4074 excidit.
434 4024 558 4074 villicum
576 4032 671 4073 concn'·
714 4024 760 4074 lib.
772 4034 804 4073 rr.
816 4023 905 4088 Epigr.
916 4029 958 4074 to.
975 4023 1095 4073 Romirea.

137 4096 237 4161 binum,
252 4097 279 4146 id
299 4106 349 4163 est,
374 4100 498 4150 rusticum
519 4104 610 4149 vocat:
643 4104 672 4148 et
741 4104 789 4150 141
813 4100 911 4150 Diceris
928 4097 1001 4161 mule]
1026 4099 1070 4148 lta
1087 4099 1160 4151 docti
1184 4102 1242 4166 riri,

125 4174 270 4239 ¹exsoletam
287 4188 321 4226 ex
339 4189 372 4226 eo
386 4175 521 4241 intelligit,
533 4174 602 4242 qnod
613 4188 671 4226 eum
708 4190 787 4241 quum
794 4183 868 4228 vetus
874 4175 1004 4240 scriptura
1011 4174 1130 4242 haberet,
1136 4173 1244 4234 vieno.
1303 4222 1305 4233 .
