2774 4702
548 323 581 370 (i.
605 321 761 370 vassall
785 320 951 370 eiwons

326 465 393 544 An,
408 463 614 564 coutipouter
623 463 720 549 quod
733 463 855 530 sedetis
869 462 989 529 insulsi

331 569 488 648 Centum,
502 574 560 641 eut
573 565 721 644 ducenti,
735 584 802 631 non
815 566 943 649 putatis
956 583 1117 630 ausurum

328 668 387 733 Me
401 689 468 734 une
483 669 645 737 ducentos
660 669 820 732 mommo
835 669 1014 733 sessoresi

329 769 434 856 Atqui
446 777 559 856 putate
570 792 579 845 ς
600 788 741 854 namque
752 769 857 835 totius
868 771 971 835 robis

328 874 485 940 Frontem
497 874 643 939 tabernae
659 873 871 957 scipionibus
886 873 1040 937 scribam.
1256 871 1301 935 10

329 974 453 1040 Puella
464 993 538 1039 nam
553 993 641 1053 mea,
657 994 733 1059 quae
746 993 822 1039 meo
839 974 915 1038 sinu
925 973 1025 1068 fugit,

328 1076 453 1143 Amata
466 1079 605 1155 tuntum,
620 1082 778 1161 quantum
792 1076 959 1140 amabitur
972 1075 1071 1152 nulia',

328 1178 397 1243 Pro
412 1197 478 1263 qun
490 1177 572 1242 mibi
587 1183 666 1243 suut
678 1197 798 1262 magna
812 1178 899 1243 belle
913 1181 1072 1261 pugnata,

332 1278 494 1344 Consedit
508 1280 594 1344 istie.
640 1278 741 1343 Hanc
755 1278 835 1343 boni
850 1279 1007 1360 beatique

331 1378 454 1445 Omnes
470 1381 612 1445 ematis:
634 1385 669 1443 et
684 1378 834 1463 quidem,
849 1379 940 1461 quod
954 1379 1122 1462 indignum
1137 1385 1200 1458 est,
1256 1380 1301 1444 15

198 1533 215 1564 ⁴¹
226 1532 241 1564 ¹*
252 1531 268 1562 ⁶
277 1530 476 1594 mucoribus
485 1528 614 1581 semiustis
624 1526 821 1589 comsiofociem
831 1527 1014 1578 totioetsberaae
1024 1533 1116 1580 omres.
1149 1531 1215 1580 Nom
1223 1531 1302 1581 omiss

199 1595 1163 1661 ssso,oooomedisccssittorrtsmdiieoto,paustumsoiiuosquemdiiigeisr;
1176 1609 1302 1659 prooem

199 1677 236 1712 rae
250 1661 337 1725 mosis
344 1665 401 1710 sart
410 1659 540 1710 cmorniao
549 1660 677 1722 monimo,
686 1659 721 1707 ibi
729 1662 893 1708 commoratur.
926 1658 980 1708 Vos
991 1673 1070 1708 omma
1079 1659 1133 1709 bebi
1144 1664 1168 1710 st
1177 1658 1302 1721 sonasoti

663 1793 840 1814 m

200 1881 216 1926 9
233 1875 308 1926 Idem
317 1873 405 1924 Haud.
414 1888 462 1939 pro
473 1889 571 1938 eumpse
582 1872 717 1924 contendit
727 1873 865 1937 legendum
879 1875 985 1938 jamque.
1018 1877 1083 1925 Mox
1095 1890 1143 1940 pro
1157 1877 1302 1941 scipionibus

201 1939 336 1990 substituit
352 1938 552 2002 inscriptionibus,
568 1944 595 1987 et
615 1939 700 1987 iocum
721 1937 759 1986 ita
777 1938 888 2002 interpr.
905 1940 1022 1989 ‘Putate
1045 1954 1086 1988 me
1102 1955 1233 2006 ausurum,
1248 1958 1303 1994 una

202 2004 328 2054 ducentos
347 2016 460 2052 sessores
483 2007 512 2052 et
528 2001 604 2051 simul
622 2016 668 2051 vos
683 2015 772 2051 omnes
790 2003 925 2052 irrumare.
957 2003 1069 2068 Jamque
1088 2018 1136 2067 ego
1148 2005 1175 2054 in
1186 2012 1301 2057 vestram

200 2065 473 2118 contumeliamtotins
485 2064 602 2115 tabernae
613 2063 727 2114 frontem
743 2065 935 2129 epigrammatis
947 2072 975 2117 et
987 2068 1070 2117 titulis
1081 2067 1236 2120 inscribam!
1269 2072 1303 2121 In

109 2185 111 2190 ,
201 2130 279 2180 codd.
291 2136 319 2179 et
329 2129 390 2178 edd.
403 2135 468 2179 vett.
478 2129 620 2192 scipionibus
627 2145 638 2189 ,·
654 2129 735 2180 Guer.
747 2130 779 2178 P.
789 2137 900 2180 metrum
909 2144 961 2180 non
973 2145 1077 2193 curans,
1087 2133 1188 2182 emend.
1198 2135 1304 2199 sipborri·

200 2194 247 2269 bos·
263 2193 408 2270 inscribam
425 2194 499 2243 Voss.
517 2193 660 2256 sopionibus,
682 2193 724 2242 rei
744 2194 905 2256 soprionibue:
926 2195 982 2270 aliis
1000 2197 1088 2259 placet
1106 2196 1238 2260 titionibus,
1261 2198 1303 2248 vei

200 2256 876 2434 {ttttibrtibtttbttt‘ibt‘itata
887 2259 1304 2388 ‘rbitbttttttttttt

226 2386 273 2435 rix.
285 2385 367 2448 Rheg.
378 2389 406 2434 et
416 2386 522 2436 Veneti.
550 2387 637 2435 Posito
648 2400 703 2435 ram
714 2387 790 2449 modo,
799 2402 861 2448 que,
879 2387 948 2451 quod
960 2387 1059 2450 placuit
1069 2388 1175 2437 Mureto
1186 2395 1215 2439 et
1224 2390 1303 2441 Vose.

202 2449 234 2498 In
244 2463 293 2498 uno
302 2450 371 2498 sut.
382 2464 434 2511 qoae
445 2463 495 2498 meo
511 2449 589 2500 esino
596 2465 606 2508 ,·
623 2450 650 2498 iu
664 2448 781 2499 omnibus
793 2450 849 2499 aliis
862 2450 989 2513 ejusdem,
1000 2458 1029 2500 ut
1040 2452 1104 2501 etin
1114 2451 1219 2502 Vieent.
1230 2455 1304 2505 Brix.

202 2514 309 2563 Veneti.
321 2510 380 2562 Aru.
392 2519 420 2562 et
429 2513 498 2562 Mur.
509 2528 561 2576 poe
569 2529 618 2562 meo
628 2514 698 2571 sirm
715 2514 740 2562 in
754 2513 835 2576 Rbeg.
846 2529 919 2577 qooer
928 2531 979 2564 orco
987 2515 1048 2564 sisa.
1082 2517 1156 2566 Lect.
1166 2524 1305 2568 nostraest

202 2591 235 2625 ex
245 2577 271 2625 in
290 2577 348 2627 enio
360 2576 448 2638 Stetit,
458 2592 474 2626 a
483 2577 549 2627 ucat
570 2577 659 2628 (itaer.
679 2577 738 2642 Bip.
750 2578 806 2627 aliis
818 2593 879 2628 rece
899 2584 941 2640 to3
958 2586 1042 2629 metro
1055 2585 1142 2628 tamen
1153 2581 1264 2642 loborat,
1274 2589 1304 2631 et

202 2639 235 2689 eb
285 2641 344 2691 and.
363 2642 485 2690 damnata
503 2645 554 2702 est,
574 2641 619 2706 qui
636 2641 713 2692 codd.
729 2643 790 2692 ieet.
802 2643 871 2691 mani
883 2648 939 2692 este
956 2650 1106 2707 eomrptem
1118 2644 1303 2695 itsemenden·

204 2704 262 2754 dam
274 2704 386 2768 putarit,
406 2704 491 2752 Puera
508 2710 597 2767 emoto,
608 2719 660 2768 suc
670 2721 721 2753 meo
730 2707 784 2754 siau
796 2705 877 2768 fagit,
897 2707 1111 2770 dusmiso-13
1129 2708 1178 2755 Pro
1193 2723 1238 2770 qao
1248 2714 1304 2758 suot

202 2767 261 2817 mibi
272 2769 299 2816 in
311 2767 408 2817 Dresd.
420 2768 529 2816 Venett.
541 2767 614 2817 Brix.
634 2767 718 2832 Rheg.
728 2776 756 2816 et
766 2768 871 2817 Vieent.
896 2768 956 2818 mibi
967 2775 1022 2818 suot
1033 2776 1074 2820 est
1084 2771 1186 2821 emend.
1196 2771 1304 2822 Arantii

152 2893 156 2905 Ι
201 2832 312 2895 primum
323 2836 432 2893 recepta
443 2829 542 2880 inAld.
552 2835 575 2881 1.
592 2832 661 2881 Sosi.
672 2846 688 2880 e
699 2831 757 2880 cod.
770 2829 848 2881 affert
856 2837 965 2896 patrata,
974 2834 1112 2898 (prebente
1120 2834 1304 2902 Heius.)quod

696 2987 806 3039 NOTAE

202 3114 307 3164 babere.
342 3112 491 3162 Notandum
498 3119 538 3163 est
546 3111 572 3160 in
579 3111 662 3176 prima
670 3111 733 3161 sede
775 3108 826 3165 feb
837 3104 1003 3181 multitudine
1013 3112 1042 3156 θῐ
1052 3120 1168 3168 flumem,
1178 3121 1231 3156 ¹¹⁰⁰
1243 3106 1304 3156 ilii·

195 3189 276 3255 'bujne
288 3189 408 3239 carminis
419 3188 552 3253 dactylum
564 3200 631 3238 esse.
774 3176 830 3237 hub
837 3174 902 3228 freti
911 3179 982 3229 ertit·

240 3267 275 3315 Et
294 3270 380 3328 putore
402 3269 489 3314 retem
513 3261 601 3325 birros]
629 3261 661 3311 ld
682 3266 733 3324 est,
804 3255 956 3320 Messores]
972 3257 1024 3310 Qui
1035 3273 1139 3323 semper
1149 3260 1175 3310 in
1188 3259 1304 3308 tabernis

204 3348 326 3407 tanquam
343 3341 421 3391 birros
439 3339 532 3404 puellis
548 3338 643 3388 invisos
666 3352 734 3399 esse,
772 3329 840 3381 sicut
851 3330 959 3395 opifices
970 3340 998 3384 et
1011 3333 1153 3383 tabernarii
1164 3333 1273 3384 sedetis.

201 3418 251 3466 boe
262 3423 312 3479 est,
331 3416 426 3465 babere
437 3415 565 3464 hircinum
576 3419 604 3462 et
614 3411 732 3462 foetidum
805 3409 822 3453 9
837 3405 915 3468 Atqui
932 3408 1027 3471 mute]
1042 3408 1096 3458 Sed
1114 3415 1218 3472 putate,
1234 3411 1304 3459 scili·

203 3490 320 3552 odorem,
337 3491 382 3554 qui
402 3490 430 3539 in
445 3490 493 3540 aiis
512 3489 623 3538 maxime
634 3487 733 3537 innasci
772 3487 827 3543 eet,
837 3480 945 3530 etnobit
956 3483 1083 3533 mentulas
1094 3497 1161 3545 esse,
1169 3491 1198 3534 et
1209 3499 1251 3534 me
1260 3499 1305 3535 eu·

203 3567 281 3626 solet,
291 3571 320 3613 et
336 3567 344 3593 ‘
354 3565 440 3615 birrus
450 3565 457 3586 '
472 3564 507 3613 sb
517 3564 632 3613 animetis
642 3563 734 3613 foemne
774 3569 860 3605 ”Nm
871 3569 915 3604 v0⁸
926 3556 1060 3608 irrumare·

202 3641 359 3705 appellatur.
373 3640 418 3689 De
429 3653 480 3703 quo
489 3637 551 3687 aiibi
561 3637 640 3688 dicit:
657 3638 735 3687 ‘Veb
807 3636 838 3682 1⁰
865 3632 1014 3696 dsipiosibm
1033 3634 1147 3699 mom]
1178 3636 1308 3689 Sarmens

202 3715 289 3766 iesob
300 3715 397 3764 aierem
411 3722 471 3764 trux
482 3713 601 3763 babitare
612 3713 708 3776 caper!
774 3714 887 3771 veteres,
915 3724 1014 3774 mrum,
1033 3711 1128 3776 quibus
1155 3712 1308 3764 obtreesme

236 3791 473 3853 Mareotinrrter
482 3791 542 3853 quod
557 3791 654 3854 scidis]
672 3790 734 3838 coe·
774 3786 982 3848 rsiieut,aedium
992 3786 1063 3837 iores
1070 3787 1190 3838 dicteriis
1196 3789 1308 3853 probro-

203 3870 317 3930 tirrsstsr,
336 3867 498 3928 adverbium,
520 3866 575 3915 sine
594 3865 733 3916 intervallo
775 3860 809 3910 sis
826 3861 944 3925 pingere,
961 3862 1112 3927 etquidem
1129 3863 1244 3914 eschom
1255 3871 1308 3915 ost

204 3946 339 4009 significet.
774 3937 895 3987 semiusto
912 3938 1003 4002 stipite
1019 3938 1101 3988 literis
1119 3938 1217 4001 ductis,
1236 3934 1309 4004 quod

237 4021 339 4086 lasabi]
354 4019 461 4085 Iiiepidi
480 4025 509 4069 st
528 4018 668 4080 iursnusti,
680 4018 734 4066 sine
774 4015 862 4065 Plaut.
882 4014 959 4077 dixit,
982 4013 1198 4079 ‘impieredores
1218 4015 1308 4082 Eiogi-

205 4097 268 4144 saie.
774 4090 1033 4143 orumeerboniboa'

238 4175 253 4221 τ
272 4172 380 4236 cramm,
391 4178 432 4222 ost
446 4168 556 4234 incesti]
573 4168 653 4222 Quasi
664 4166 734 4220 dice·
