2774 4702
189 289 212 353 4
635 304 843 363 ranarum.

188 469 297 535 neque
309 451 413 514 artem
426 466 490 513 nec
503 447 653 512 laborem
661 447 797 516 redolet
821 450 874 515 De
881 450 1079 534 negligentia
1093 456 1128 516 et
1143 451 1286 520 audacia

188 552 262 638 ejus
276 572 341 616 non
354 572 420 616 nno
435 549 537 615 modo
551 555 659 634 potest
673 550 849 634 disputari.
881 550 969 631 Quae
979 544 1061 618 vero'
1069 553 1133 618 viri
1142 553 1231 619 docti
1243 557 1285 621 de

84 694 90 701 -
190 675 231 721 aa
245 674 280 718 re
294 654 459 732 dixemnt,
469 672 597 731 vereor,
608 673 649 717 ne
659 654 841 719 maximam
851 661 980 739 partem
988 656 1091 719 nimia
1106 657 1173 721 sint
1183 662 1283 741 atque

182 758 315 840 iniqua.
339 755 465 821 Melius
480 754 724 820 consuluissent
735 754 864 835 Poetae,
874 757 904 821 si
917 754 1074 822 Carmina
1083 758 1158 842 ejus
1172 760 1219 823 ita
1232 780 1285 826 re·

188 857 595 943 stituissent,ntjudicium
604 855 734 921 firmum
743 876 783 921 ac
794 859 968 923 certumde
980 859 1022 922 iis
1031 859 1144 923 haberi
1154 868 1283 942 posset.

190 962 360 1043 Quamdiu
371 962 460 1026 enim
469 959 512 1024 de
520 960 671 1044 pluribus
682 958 832 1042 partibus
843 948 1022 1040 dubitatur,
1035 980 1101 1024 non
1115 967 1231 1042 potest
1242 963 1283 1026 de

186 1067 344 1132 universa
358 1087 392 1130 re
409 1064 571 1149 judicari.
616 1062 787 1127 Editiones
803 1071 914 1128 antem
929 1063 1063 1142 Catulli,
1080 1085 1155 1148 quaa
1170 1085 1284 1129 reeen-

187 1170 329 1235 tiorlbus
345 1167 548 1251 temporibus
562 1166 767 1249 prodierunt,
791 1164 946 1229 Carmina
959 1185 1025 1230 non
1048 1186 1208 1250 peraeque
1224 1187 1284 1232 ex-

185 1271 312 1348 hibent,
328 1267 603 1353 quemadmodum
626 1286 648 1330 a
671 1264 779 1343 Polite
792 1267 946 1349 profecta
960 1275 1049 1332 sunt.
1092 1269 1179 1332 Sunt
1193 1269 1284 1332 enim

186 1374 237 1437 ita
251 1376 466 1453 comparatae,
477 1373 514 1432 ut
525 1367 678 1432 lectionis
692 1365 837 1448 vulgatae
851 1368 995 1431 rationes
1010 1373 1043 1432 et
1058 1387 1172 1431 causae
1188 1388 1283 1451 pror·

187 1494 245 1538 sus
260 1475 456 1554 ignorentur.
500 1467 556 1532 Ex
570 1468 612 1531 iis
627 1487 692 1532 non
717 1468 1018 1550 eognoscessunde
1033 1468 1134 1533 ducta
1150 1471 1194 1534 sit
1206 1470 1282 1535 haec

185 1580 219 1640 et
232 1575 291 1639 illa
304 1574 415 1649 lectio,
429 1572 484 1637 vel
497 1572 587 1635 bona
602 1570 661 1634 vel·
678 1570 837 1646 absurda,
861 1589 969 1654 neque
984 1570 1131 1635 invenies
1145 1572 1283 1642 nomina

186 1676 329 1743 virorum
342 1675 527 1749 doctomm,
536 1691 677 1755 quorum
691 1671 806 1735 studio
816 1672 926 1755 plures
940 1672 1059 1753 singuli
1073 1672 1142 1736 loci
1153 1675 1281 1756 optime

184 1777 312 1854 sanatl3
331 1775 432 1839 immo
446 1792 535 1838 vana
550 1771 723 1836 mendacia
743 1790 785 1835 ac
803 1772 1010 1854 negligentiae
1026 1774 1141 1838 sordes
1156 1780 1282 1841 tantum

184 1878 246 1944 tibi
261 1876 396 1941 taedium
411 1874 558 1951 afferent,
583 1879 621 1937 ut
645 1878 752 1937 totum
778 1873 897 1938 librum
912 1873 1065 1957 abjicias.
1108 1875 1131 1937 J
1134 1876 1281 1943 udicium

183 1998 226 2043 ac
241 1996 393 2054 censura,
408 1996 508 2061 quam
528 1976 728 2059 Interpretes
751 1981 826 2041 ante
849 1975 959 2038 omnia
984 1975 1157 2040 instituere
1181 1978 1282 2042 debe·

182 2082 278 2158 bant,
293 2079 451 2143 codicum
466 2084 501 2143 et
511 2084 589 2143 vett.
599 2077 690 2143 editt.
701 2096 880 2160 earumque
891 2077 1101 2143 auctoritatis
1115 2097 1281 2162 nusquam

181 2187 287 2258 extat,
317 2184 486 2244 attextus
516 2179 611 2242 firmo
649 2178 861 2243 fundamento
890 2181 989 2263 plane
1017 2178 1197 2244 destitutus
1220 2187 1278 2244 est.

183 2281 262 2346 Sine
277 2280 433 2345 codicum
455 2286 491 2343 et
513 2283 592 2344 vett.
615 2279 774 2345 librorum
796 2301 862 2364 ope
884 2301 995 2363 neque
1019 2281 1147 2345 institui
1171 2301 1279 2366 nequa

182 2381 270 2446 effici
295 2383 403 2465 potuit
425 2381 572 2447 recensio
596 2386 721 2446 textus.
766 2380 801 2445 N
803 2400 841 2445 ec
868 2381 1065 2458 sufficiebat,
1088 2386 1216 2446 tantum
1229 2385 1280 2446 in-

182 2484 381 2566 scriptiones
393 2482 572 2547 editionum
590 2501 859 2561 commemorare,
884 2482 963 2547 hinc
978 2491 1014 2547 et
1028 2484 1121 2548 illinc
1138 2487 1281 2552 varieta-

181 2593 251 2651 tem
266 2585 422 2648 lectionis
436 2583 566 2662 afferre,
588 2590 621 2649 et
647 2584 787 2649 aliorum
802 2585 949 2666 vestigia
970 2586 1043 2650 sine
1064 2586 1135 2649 ulla
1150 2586 1280 2651 dubita·

180 2686 272 2750 tione
299 2686 466 2766 persequi.
511 2684 683 2762 Quantum
709 2686 808 2767 igitur
832 2687 982 2749 dolorem
1005 2704 1134 2762 omnes,
1159 2687 1279 2767 quibus

179 2785 291 2851 strrdia
304 2782 520 2845 humanitatis
543 2793 579 2844 et
600 2787 753 2864 inprimis
770 2786 928 2847 Carmina
943 2783 1070 2848 Catulli
1085 2805 1175 2850 curae
1191 2791 1279 2864 sunt,

178 2885 351 2968 percipere
367 2881 549 2945 debuerunt
558 2901 603 2945 ex
614 2877 719 2945 morte
732 2882 895 2960 Santonii,
908 2882 1004 2966 cujus
1018 2886 1141 2949 mentio
1156 2887 1280 2951 tristior

179 2991 234 3049 est
244 2983 399 3066 lacrymis
412 2981 627 3075 Simonideis
881 2970 887 2977 ⁵

223 3083 376 3148 Historia
391 3102 541 3161 casuum,
558 3083 679 3166 quibus
697 3086 846 3171 jactatus
860 3090 912 3150 est
927 3084 1050 3150 Catulli
1065 3087 1176 3166 Liber,
1192 3089 1278 3158 satis

177 3185 340 3249 mirabilis
353 3183 466 3260 docet,
480 3185 707 3267 paucissimos
720 3186 859 3251 inveniri
873 3188 1024 3271 potuisse
1040 3188 1175 3252 codices
1191 3191 1279 3254 anti·

180 3285 329 3368 quiores3
343 3292 378 3349 et
387 3286 552 3351 variarum
568 3286 761 3365 lectionum,
774 3306 859 3369 quas
875 3287 925 3351 illi
939 3286 1108 3364 exhibent,
1117 3289 1278 3372 majorem

177 3393 306 3470 partem
321 3406 341 3450 a
355 3387 539 3451 scribarum
553 3387 739 3468 ignorantia
754 3395 855 3470 atque
864 3378 1105 3451 monachorum
1119 3388 1276 3468 lascivia,

178 3506 248 3570 qua
282 3487 318 3550 in
352 3484 574 3569 scriptoribus
594 3487 761 3553 veteribus
789 3489 930 3570 grassati
959 3488 1037 3566 sint,
1058 3494 1162 3555 ortam
1190 3509 1276 3555 esse.

177 3587 289 3672 Atque
302 3589 367 3652 hoc
379 3589 452 3674 jam
466 3589 617 3671 Scaliger
641 3589 845 3668 observarit,
866 3588 909 3654 de
931 3591 1131 3673 exemplari,
1146 3612 1190 3656 ax
1205 3614 1274 3675 quo

177 3709 292 3755 omnes
314 3690 450 3755 codices
477 3690 666 3772 propagati,
690 3690 835 3755 loeutus.
878 3689 993 3755 Variis
1008 3709 1054 3755 ex
1070 3695 1275 3774 argumentis

177 3798 214 3855 at
226 3791 398 3873 praecipue
413 3809 458 3854 ex
473 3808 641 3854 consensu
661 3791 820 3868 omnium,
837 3810 922 3873 quos
935 3791 1109 3876 hucusque
1124 3798 1275 3876 cognitos

176 3890 352 3970 habemns,
368 3891 523 3956 codicum
547 3893 580 3955 in
603 3891 688 3956 loeis
709 3893 873 3977 corruptis
898 3899 933 3957 et
951 3894 1114 3971 mutilatis
1138 3894 1276 3960 demon·

114 4016 116 4021 ⁴
177 3993 273 4057 strari
288 3997 414 4075 potest,
426 4013 530 4058 unum
549 3994 668 4059 librum
685 3993 789 4061 fuisse
807 3994 936 4059 fontem
950 3996 1100 4059 omnium
1122 3997 1274 4076 aliorum,

177 4094 236 4176 qui
257 4091 513 4161 indeasaeculo
528 4095 643 4179 quinto
670 4095 799 4171 decimo
820 4096 938 4187 scripti
959 4101 1046 4163 sunt.
1090 4095 1274 4165 Matthaeus
