2774 4702
485 330 516 376 C.
543 327 697 378 t'ibntstl
722 326 886 376 curuum

581 553 792 602 GATUbbUS.

182 680 359 763 Egregium
371 701 484 748 naues
494 682 578 747 mira
592 686 717 766 pietate
732 683 912 763 parentem,

225 782 296 860 Qui
310 784 383 865 ipse
396 783 449 847 sui
464 785 558 866 gnati
572 784 729 851 minxerit
742 782 776 844 iu
791 776 960 861 gremium.

616 997 757 1046 JANUA.

183 1116 287 1200 Atqui
301 1134 368 1179 nou
382 1116 490 1180 solum
502 1116 565 1181 hoo
580 1137 617 1182 se
630 1117 712 1183 dicit
725 1114 892 1197 cognitum
904 1111 1028 1176 hebere

226 1217 356 1296 Brixia,
369 1217 523 1300 Cycnaeae
537 1219 718 1303 supposita
732 1215 893 1301 speculae,

185 1318 312 1382 Flavus
326 1337 426 1400 quam
439 1319 532 1383 molli
546 1320 706 1403 percurrit
716 1318 852 1385 flumine
871 1315 970 1392 Mela,

227 1419 357 1497 Brixia,
370 1419 514 1484 Veronae
528 1426 633 1486 muter
648 1426 759 1487 amota
771 1439 875 1484 meae:

140 1613 188 1660 Μ*
197 1612 410 1676 malecitam.
443 1611 1241 1684 Praeeluraasquidemenmmemormmirobiiiproedilamaeliga'oue

138 1676 294 1739 rurenses·
303 1677 458 1740 iuuenum
472 1680 821 1746 eminerammi.
854 1677 1171 1728 &amanuensium
1184 1676 1244 1723 cri-

140 1739 1244 1872 ,monumentumque

509 1843 516 1870 l
1075 1838 1081 1853 ι

602 1949 782 1970 mn

143 2041 277 2102 Stetimet
288 2047 394 2105 recepta
405 2043 483 2092 estin
494 2043 563 2093 scal.
582 2042 623 2092 ed.
640 2056 714 2092 anon.
727 2048 755 2092 et
766 2043 893 2106 Rip-to
909 2040 941 2091 ln
958 2023 1013 2089 ‘runo
1031 2040 1099 2090 Stat.
1116 2038 1176 2090 cod
1198 2040 1245 2088 iar-

143 2104 266 2168 merit,
276 2111 307 2154 ut
318 2105 385 2169 conj.
395 2106 524 2156 sest-sl
541 2107 574 2156 In
583 2105 658 2156 Mnff.
679 2107 697 2156 i.
714 2107 789 2168 Atqui
799 2122 846 2156 noa
862 2106 936 2155 solam
950 2119 975 2154 se
987 2104 1047 2154 dicit
1060 2103 1207 2165 comunt-
1218 2103 1245 2152 iu

144 2183 195 2219 uno
205 2169 274 2218 stat.
293 2169 369 2232 Atqui
379 2185 424 2219 noa
443 2171 517 2219 solam
527 2174 567 2221 sed
577 2172 637 2220 dicit
647 2169 782 2231 cognitum
799 2171 825 2220 iu
836 2171 887 2219 ulio
898 2169 1012 2232 ejusdem
1026 2168 1102 2230 Atqui
1111 2182 1159 2216 sorr
1167 2169 1246 2216 utras

143 2235 186 2287 sed
192 2234 251 2282 dicit
262 2233 305 2281 boe
313 2232 449 2293 cognitum:
470 2235 497 2282 iu
506 2234 567 2284 edd.
576 2241 641 2285 vett.
652 2233 713 2283 Ald.
723 2235 800 2286 Junt.
816 2234 915 2298 Grypb.
927 2233 996 2281 Mur.
1007 2233 1096 2282 Graev.
1112 2230 1189 2293 Atqui
1199 2246 1247 2279 aros

143 2296 218 2345 mum
228 2296 320 2346 bsrcse
331 2295 408 2354 dictu
427 2297 454 2346 in
471 2297 528 2346 aliis
546 2299 600 2348 brie
618 2313 644 2349 se
662 2297 731 2349 dicit.
747 2316 749 2320 ¹
764 2299 839 2348 Lect.
850 2303 950 2358 nostra,
963 2296 1018 2360 jam
1030 2296 1056 2344 iu
1069 2295 1137 2344 Scal.
1147 2295 1247 2358 Delpb.

143 2359 220 2411 Voss.
229 2360 308 2424 Vuip.
328 2360 370 2409 ed.
389 2374 465 2411 anon.
486 2361 546 2424 Bip.
563 2370 591 2412 et
606 2363 669 2412 alias
681 2368 797 2425 recepta,
809 2367 893 2412 estex
904 2360 971 2423 conj.
982 2358 1137 2410 stitit-ss
1153 2358 1248 2408 Brtsn

144 2422 243 2473 chinea
252 2425 396 2537 wera
405 2424 567 2489 inspeculuin
576 2425 636 2476 edd.
646 2432 712 2477 vett.
722 2427 831 2476 Venett.
842 2439 884 2475 an.
895 2428 968 2475 looo.
981 2422 1042 2472 Aid.
1054 2421 1129 2473 Junt.
1140 2421 1246 2484 Gryph-

143 2494 173 2539 et
183 2488 259 2539 cant.
328 2487 362 2500 ’⁹
416 2488 500 2539 lim
514 2490 635 2566 aposita
651 2492 743 2554 speculo
751 2489 820 2553 conj.
831 2488 912 2539 Pont.
924 2487 993 2553 quod
1004 2491 1162 2550 receperunt
1170 2485 1245 2536 Mur.

142 2550 212 2602 Stat.
234 2551 321 2601 Graer.
340 2551 438 2614 Delpb.
472 2554 563 2603 Brimo
580 2554 680 2603 cbiaoeo
700 2554 927 2616 mppositsspeeulo
945 2551 1138 2614 seriemque
1160 2549 1248 2604 secuti

124 2662 128 2669 .
144 2616 220 2667 Voss.
231 2613 282 2678 Ed,
292 2629 368 2666 anon.
379 2620 408 2665 et
419 2615 480 2680 Bip.
498 2618 524 2664 in
536 2617 663 2666 nonnullis
675 2615 751 2666 codd.
772 2616 903 2678 canum,
913 2615 954 2664 val
967 2615 1089 2678 Citium,
1099 2617 1167 2674 teste
1178 2612 1249 2663 Zen-

144 2678 203 2728 elrio
214 2692 247 2727 ex
265 2677 341 2743 cujus
360 2678 448 2729 libello
460 2679 493 2729 de
510 2679 620 2743 Origine
637 2679 794 2731 Orobiorum
810 2680 875 2729 ieet.
893 2684 1009 2737 nostram
1027 2675 1145 2743 reposuit
1162 2681 1192 2728 et
1203 2675 1250 2733 de·

145 2738 254 2793 fondere
265 2748 372 2792 conatus
382 2749 422 2791 est
432 2743 616 2806 Vulpius.—³³
633 2744 712 2794 Hunc
722 2750 751 2794 et
760 2748 910 2808 sequentem
922 2756 988 2792 vers.
995 2741 1105 2818 spurios,
1114 2739 1184 2805 qnod
1195 2754 1250 2791 non

144 2807 225 2855 sotum
237 2805 411 2854 Historiarum
424 2806 539 2867 veritati,
557 2806 603 2855 sed
616 2807 694 2856 etiam
710 2807 805 2870 lingum
817 2807 918 2857 Latinae
930 2821 978 2870 pro
998 2804 1094 2867 ueteri,
1103 2809 1182 2868 atque
1195 2818 1250 2855 om·

144 2868 205 2918 nino
217 2867 355 2930 elegantiae
366 2868 461 2917 catulli
472 2877 628 2932 repugnent,
647 2870 744 2921 aeriter
763 2871 900 2921 contendit
918 2870 964 2920 Ma
986 2903 994 2918 .
1009 2870 1055 2927 sed
1066 2867 1169 2918 eoadem
1180 2866 1209 2917 in
1219 2866 1251 2917 fi·

144 2930 205 2980 dem
227 2944 298 2979 suam
317 2929 428 2993 recepit,
450 2938 478 2980 et
498 2938 582 2980 motus
603 2946 619 2979 a
639 2931 713 2983 ΜΔΕ.
729 2932 897 2993 difficultates
914 2932 1039 2996 expedire
1054 2930 1154 2982 studuit
1169 2929 1251 2990 Paul,

145 2992 302 3053 (lelandus,
314 2992 426 3056 incujus
442 2995 598 3044 sententium
618 2994 730 3045 discedit
745 2998 826 3060 Vulp.
859 2997 913 3046 Pro
934 2995 1053 3062 perursit
1069 2995 1096 3045 in
1116 2994 1249 3045 nonnullis

132 3057 280 3121 prestun,
290 3055 495 3123 improbantibus
505 3059 657 3123 Wesseling.
668 3065 697 3110 et
706 3059 850 3117 Boon-lt
866 3060 921 3113 Pro
931 3075 992 3142 ineu¹
1000 3059 1068 3111 Scai-
1079 3058 1147 3122 conj.
1155 3063 1251 3110 tua.-

648 3203 754 3272 noris

145 3331 262 3394 mum]
298 3332 439 3397 Nunquam
465 3332 503 3382 illi
529 3333 679 3398 erigebatur
718 3346 776 3383 curn
792 3331 893 3383 duobus
904 3330 971 3395 aliis,
982 3346 1077 3395 nempe
1094 3329 1252 3384 Posthumio

146 3408 272 3470 mentula,
295 3407 333 3457 ite
352 3413 383 3457 ut
408 3409 522 3459 tunicam
543 3411 678 3472 elevaret3
718 3414 747 3458 et
758 3407 888 3470 Cornelio,
898 3407 967 3472 quod
977 3407 1003 3457 in
1015 3407 1061 3456 ilia
1071 3405 1136 3456 urbe
1146 3406 1252 3457 notissi-

148 3482 187 3531 sic
207 3482 287 3530 etism
305 3482 390 3531 carm.
410 3495 503 3532 xxxrr.
527 3484 679 3536 ‘Pertuodo
718 3499 787 3534 muru
801 3489 850 3534 est.
882 3484 978 3534 cetera
997 3497 1059 3533 vero
1077 3482 1251 3546 interponun-

148 3555 313 3619 tuuicamque
324 3556 499 3621 palliumque?
719 3561 764 3609 tur
776 3559 809 3607 ad
826 3558 1025 3609 describendum
1041 3557 1140 3608 Brixiae
1160 3558 1251 3623 situm,

181 3634 214 3679 29
232 3630 363 3691 Egregium
372 3631 468 3693 norror]
485 3633 583 3683 Rursus
595 3635 680 3685 Polite
719 3634 828 3699 ejusque
839 3649 898 3684 cum
908 3633 1211 3696 Verouacoujunctione
1223 3641 1252 3685 et

150 3711 196 3756 aut
208 3705 292 3755 uiator
303 3704 424 3771 loquitur.
718 3709 840 3761 amicitis.
854 3708 944 3759 Brixia
951 3722 1027 3772 porro
1036 3708 1129 3759 civitas
1139 3716 1181 3761 est
1189 3708 1254 3766 Gal·
1292 3764 1298 3773 ,

157 3846 162 3855 1
180 3785 214 3832 ll
230 3778 321 3831 Brixis
332 3780 439 3844 Cyeroeae
450 3780 581 3845 [clim]
593 3797 679 3848 suppo·
718 3785 760 3834 liae
770 3784 961 3848 Transpadanus
970 3797 1015 3834 seu
1025 3782 1253 3849 Longobardite,a

149 3857 198 3908 aito
213 3855 325 3920 speculo]
342 3856 436 3913 Sensus
448 3861 502 3906 est:
521 3855 616 3907 Verum
627 3873 677 3909 nou
718 3859 802 3911 Gallis
812 3859 1055 3925 Cenomanensibus
1072 3859 1133 3909 olim
1144 3859 1254 3910 conditu

150 3939 202 3996 est,
212 3931 282 4001 quod
289 3931 345 3982 baec
355 3931 429 3995 uirgo
439 3930 482 3980 bic
493 3929 585 3983 vitiata
592 3931 679 3998 fuerit,
719 3935 752 3985 sd
763 3934 868 3987 flurium
879 3937 977 3986 Melam
994 3935 1028 3987 ad
1045 3934 1145 3987 radices
1155 3937 1254 3987 montis

151 4009 212 4072 quia
228 4007 376 4074 priusquam
393 4008 443 4058 buc
464 4007 565 4057 reniret
583 4008 680 4060 uiolata
720 4011 829 4074 cbiuaei,
837 4027 883 4062 seu
893 4012 973 4077 rupis,
981 4011 1254 4077 quedicebaturolim

151 4080 212 4144 fuit,
228 4095 278 4132 nou
297 4084 379 4134 solum
398 4097 414 4132 a
429 4087 503 4146 patre
519 4083 615 4147 sponsi,
633 4085 679 4134 sed
721 4085 861 4149 ‘Chiorum'
871 4101 947 4152 quam
955 4086 1126 4137 Po'e'tavooat
1142 4085 1255 4152 ‘specu-

152 4157 231 4207 etism
253 4158 350 4213 Brixira
373 4158 501 4210 commisit
524 4159 680 4212 adulterium
720 4161 788 4227 lam,’
800 4162 860 4227 quia
871 4176 963 4228 nempe
980 4177 1013 4214 ex
1030 4162 1108 4214 editis
1124 4165 1253 4217 montium
