2774 4702
141 309 206 372 414
344 336 347 345 ν
488 321 603 375 riona
627 320 827 370 vsarosuu
851 320 890 369 ru

141 461 250 527 phyritis
268 459 387 522 Arsinoe,
403 461 496 526 lnquit,
513 475 546 511 eo
562 460 669 511 miserat
707 473 777 522 num,
785 459 908 510 rldeutur
915 460 998 511 aecuti
1008 461 1077 511 illam
1086 462 1240 527 lectionem,

139 537 668 600 famulrrmeuumPegasuru.Quo?nempe
707 533 810 598 afiarta,
830 550 887 599 qua
906 535 1023 598 proxime
1035 551 1051 584 a
1067 550 1129 586 veru
1146 538 1238 598 abert3

140 612 185 662 ubi
196 612 284 662 Gnate
297 611 424 662 Berenice
437 612 526 662 ludere
543 625 602 661 cnm
613 611 670 660 aliis
708 625 766 659 nam
784 626 801 659 rr
820 624 867 673 pro
885 625 901 659 a
920 611 1042 674 positum,
1064 610 1116 660 irnu
1136 627 1152 660 a
1171 618 1202 663 et
1221 629 1238 662 a

140 686 281 751 equalibus
291 687 366 737 solet.
402 685 470 736 Nam
485 685 623 747 Berenice,
641 692 670 735 ut
708 685 798 735 earlern
820 691 881 736 sunt
906 685 933 734 iu
954 686 1156 748 langobardicis
1178 687 1239 738 cha·

140 759 567 825 otpueriuelunt,Arsinoiitfilia.
589 761 669 810 Grato
707 762 862 819 racteribus.
886 764 1013 825 legemus
1022 777 1105 812 serua
1106 764 1240 828 flataset,

87 897 96 911 ι
139 848 186 899 pro
200 836 282 885 Gaulo
292 837 371 885 etiam
388 837 416 885 iu
429 835 573 898 exemplari
587 834 670 885 Galli·
689 834 740 888 'ne
760 839 931 889 soloecismum
952 841 1150 902 committamus,
1172 841 1240 892 Vasa

140 927 206 963 cano
217 913 302 976 potuit
312 918 444 962 exaratum
455 911 544 974 luisse,
556 918 587 963 ut
599 912 669 975 apud
706 914 761 962 ululo
768 927 784 961 o
785 915 868 977 statu:
891 909 1057 963 ‘Viridulurn
1065 912 1173 964 flatum’
1193 929 1239 965 uo-

139 990 262 1041 Plautum
275 989 299 1038 iu
309 990 476 1051 Truculento,
491 989 568 1038 ‘Ere
579 986 668 1053 grata'
708 995 761 1049 cat,
771 1002 846 1052 quem
858 988 947 1039 Graeci
963 987 1048 1051 poeta
1059 987 1146 1053 lupulo
1158 989 1237 1053 ῥιπήν.

139 1066 263 1129 scripturn
275 1064 392 1125 extabat,
403 1070 431 1113 et
446 1063 544 1113 editum
562 1069 611 1124 est,
623 1076 670 1126 pro
708 1062 1239 1129 Namsublaturfuerarlucaelumssusrry-

140 1137 337 1202 ‘Ereguata3'
359 1138 428 1201 quod
444 1138 502 1187 aliis
515 1145 567 1200 est,
585 1138 626 1186 ‘E
640 1151 670 1186 re
707 1139 769 1188 clius
791 1139 939 1188 Berenices.
971 1128 1066 1202 Itaque
1087 1138 1126 1187 iris
1149 1140 1237 1190 verbis

140 1212 222 1265 nata!
257 1213 389 1265 Quantum
408 1219 495 1261 autem
511 1214 567 1261 haec
592 1216 671 1261 antea
707 1212 919 1262 innuitserrnto
938 1211 1194 1262 secundosublatum
1211 1215 1238 1264 lu

140 1288 285 1340 deformata
304 1288 395 1338 erant?
432 1289 517 1340 Quam
539 1289 604 1336 male
625 1288 670 1338 isti
708 1300 791 1336 aurae.
834 1286 887 1337 Qui
912 1285 1014 1335 dubitat
1035 1286 1102 1335 hanc
1122 1296 1239 1338 nostram

139 1365 255 1415 homines
276 1363 362 1414 meriti
384 1370 445 1413 aaut
467 1363 500 1413 de
518 1363 687 1426 politissimo,
708 1360 914 1411 emendationem
932 1374 1019 1408 reram
1034 1373 1100 1423 esse,
1111 1376 1169 1411 eum
1186 1377 1237 1426 ego

140 1439 227 1503 pocta,
239 1454 314 1504 quero
330 1445 371 1489 tot
381 1437 507 1488 vibicibus
523 1452 591 1502 pene
606 1437 670 1501 sti&
701 1435 784 1499 jubeo
795 1433 877 1484 orreo
886 1432 976 1496 λύχνον
985 1435 1158 1499 lumnam.
1176 1438 1237 1487 Nou

140 1514 247 1564 matiam
257 1513 391 1565 fecerant?
407 1514 484 1564 Idem.
708 1511 776 1575 quod
791 1510 829 1560 ita
842 1510 945 1574 judicio
960 1517 1049 1561 nostro
1065 1511 1236 1574 conlidimua;

171 1595 204 1639 19
224 1589 417 1640 Varioscsolara
430 1587 581 1651 limuecoeh]
605 1587 670 1638 Haec
708 1585 867 1649 sedquiaut
883 1586 998 1634 nolumus
1018 1586 1142 1636 adversus
1158 1588 1238 1638 auiml

38 1702 41 1709 .
139 1681 242 1732 qnoque
271 1666 418 1716 Catulliana
448 1680 499 1714 non
527 1671 596 1727 sunt,
624 1664 670 1713 sed
707 1658 1056 1709 nostriseutentiarureruru
1075 1675 1240 1725 oppugnare,

139 1742 280 1791 eorundem
292 1742 421 1791 hominnm
432 1746 586 1790 commenta.
605 1739 671 1789 Noe·
706 1738 858 1804 καὶὸμόσετᾷ
864 1737 960 1802 ἀληθείᾳ
966 1741 1060 1803 χωρεῖν,
1068 1740 1104 1788 sic
1113 1740 1237 1791 adversm

139 1814 671 1879 torliberlrabet,surioserolumialimisra
707 1813 854 1876 ineptorum
877 1813 1078 1876 magistellorum
1103 1815 1239 1864 audaciam

137 1893 191 1940 culi
213 1891 261 1940 Aut
281 1891 409 1940 Ariadneis
432 1905 504 1938 aurea
528 1888 671 1952 temporibus
707 1888 771 1936 illud
787 1888 854 1938 tueri
865 1887 961 1935 nullum
973 1901 1076 1950 prorsus
1094 1889 1237 1952 periculum

140 1964 207 2013 Heu
220 1962 391 2022 uoroscsoret:
415 1977 473 2026 quae
490 1961 573 2024 proba
592 1960 670 2010 lectio
707 1976 765 2011 esse
778 1967 849 2024 puto.
872 1961 946 2010 lucar.

139 2046 190 2099 est,
212 2036 288 2086 modo
312 2050 358 2099 pru
377 2035 458 2084 limiae
476 2035 548 2096 legas
568 2034 670 2084 lumine}
738 2036 1238 2100 oocullt‘mjuactulaycuouioefflnihoec

138 2109 290 2160 lumeucaeli
300 2114 341 2156 est
351 2108 441 2157 caelum
455 2107 538 2170 ipsum
544 2117 670 2170 repopos-
708 2118 851 2171 mutarunt,
868 2112 961 2161 vellem
976 2114 1038 2162 milri
1055 2115 1173 2163 dicerent
1184 2110 1237 2180 qua

138 2188 216 2235 ramis.
241 2182 361 2235 Juvenal.
387 2182 453 2231 ‘Nil
465 2188 562 2245 praeter
579 2181 671 2245 nubea,
707 2183 803 2235 fiducia
823 2186 850 2234 id
868 2185 993 2237 fecerint:
1021 2203 1053 2237 an
1071 2190 1141 2252 quood
1157 2191 1236 2240 ullam

138 2268 166 2312 et
175 2261 234 2311 caeli
244 2260 328 2309 lumen
337 2258 461 2307 adorant!
485 2257 538 2308 Sed
549 2257 584 2307 ibi
592 2259 670 2322 vulgo
706 2261 850 2324 analogiam
860 2276 906 2311 sua
916 2264 1077 2314 correctione
1087 2267 1237 2332 restitutura

140 2335 275 2400 legebatur
290 2349 385 2395 nomeu,
397 2339 426 2383 ut
436 2348 516 2397 supra
526 2333 618 2384 eodem
630 2349 670 2384 er·
707 2337 818 2401 putent?
846 2337 1081 2403 minimecneque
1106 2340 1174 2390 euim
1200 2340 1238 2391 el

139 2425 207 2474 rore,
239 2412 246 2439 ‘
268 2411 372 2460 Caelesti
395 2410 491 2459 lumine
510 2410 593 2470 vidit,'
611 2424 670 2475 per·
703 2411 797 2462 ficieut
808 2415 1073 2477 numismatorum
1084 2416 1237 2466 tertiocasa
1265 2457 1268 2462 .

139 2504 230 2555 peram
257 2488 396 2538 ‘numine'
425 2494 454 2538 ct
488 2488 616 2551 scriptum
642 2489 669 2538 in
706 2486 806 2536 (lictum
837 2486 928 2539 fuerit.
978 2488 1108 2539 Dixissem
1142 2492 1236 2543 saltem

139 2574 230 2615 nostro
248 2570 332 2625 extat,
354 2568 383 2612 et
403 2563 479 2626 vulgo
501 2562 599 2611 editum
620 2569 669 2614 est.
707 2561 822 2624 Gelliam
837 2576 943 2625 nempe,
963 2567 1103 2615 Kouara-roi.
1137 2567 1236 2617 Noster

137 2642 269 2692 ‘caeleste
287 2638 390 2701 lumeu,'
416 2645 446 2690 et
462 2639 542 2689 ‘cali
560 2638 670 2703 lumen,'
706 2635 913 2686 liberminimum
932 2637 1037 2689 uberta
1051 2654 1123 2691 vero.
1157 2642 1237 2706 legit

136 2717 239 2767 noceat
248 2716 349 2765 calum.
366 2715 442 2764 Idem.
706 2712 1106 2779 euim,Cullislojarlal,ycaorriu.
1139 2718 1166 2768 si
1179 2720 1239 2769 lite·

169 2797 203 2841 60
217 2793 257 2840 Eu
271 2788 411 2851 Ariadneis]
438 2788 604 2839 Ostendimus
611 2790 668 2853 jam
706 2787 788 2835 rulutn
809 2787 899 2849 addas,
920 2796 949 2839 ut
963 2804 1010 2852 pro
1027 2790 1148 2854 Lycorma
1165 2794 1236 2858 legas

138 2867 264 2929 scriptum
283 2878 350 2924 esse,
367 2864 420 2912 Aut
439 2864 584 2912 Ariadneis.-
599 2862 669 2928 quud
705 2860 993 2924 murmuraremus
1005 2873 1079 2928 puto,
1093 2868 1122 2915 et
1137 2882 1239 2937 germa-

139 2941 248 3005 probum
271 2946 301 2990 et
320 2953 408 2987 verum
424 2945 474 2987 est·
514 2940 555 2987 Ne
576 2939 669 3000 solunt,
706 2949 765 2984 nam
775 2936 911 2991 lectionem
930 2939 1035 2990 erueris.
1060 2941 1238 2994 ‘Justa'rffi

137 3016 230 3078 iuquit,
247 3028 342 3064 corona
357 3013 384 3061 iu
396 3013 471 3074 caelo,
487 3019 533 3062 aut
543 3013 569 3061 in
580 3013 668 3076 capite
706 3014 775 3058 teres
787 3011 1001 3075 pronunciabant,
1013 3028 1059 3077 pro
1072 3031 1131 3081 quo,
1147 3019 1237 3069 nescio

139 3089 405 3140 Ariadneuxuesset.
422 3087 669 3138 Namaliicoronam
705 3084 827 3151 qnofato,
842 3088 850 3115 ‘
858 3084 951 3149 juxta'
969 3103 1038 3140 nunc
1049 3091 1175 3145 dicimus:
1193 3107 1238 3144 eo·

140 3166 282 3228 simplicem
298 3164 325 3213 in
342 3165 569 3227 columnarum
587 3165 669 3228 major
706 3159 765 3209 dem
785 3160 860 3210 modo
886 3162 1004 3212 ‘ruixta’
1030 3164 1128 3215 librarii
1160 3168 1237 3218 nobis

139 3256 199 3306 pars
217 3241 365 3291 Astronom.
376 3240 421 3289 alii
434 3241 515 3303 ipsam
528 3240 668 3290 Ariadnam
706 3237 960 3301 trausuriserontpro
976 3241 1091 3301 ‘mictu’
1103 3247 1110 3270 ‘
1121 3243 1238 3306 Ulyaes'

139 3317 168 3366 in
186 3317 250 3366 culo
271 3316 416 3376 collocant,
444 3324 474 3366 ut
491 3317 595 3380 quidam
610 3317 668 3380 My·
706 3313 903 3376 pro‘‚Ulysses.’
917 3313 1236 3378 Infra,‘Mentulahabet

139 3393 246 3456 tltologi.
267 3393 390 3455 Propert.
423 3394 477 3442 ‘Te
487 3393 668 3459 quoqueenim
701 3387 777 3449 justa
788 3388 897 3450 triginta
903 3388 1000 3452 jugera
1010 3390 1097 3455 prati!
1120 3394 1196 3444 Idem.

139 3483 190 3517 non
212 3482 269 3516 esse
291 3469 381 3517 rudem
410 3473 520 3518 testatur
542 3469 568 3518 in
592 3468 667 3518 astris
736 3465 768 3510 67
794 3462 879 3512 Verior
889 3462 915 3510 111
925 3465 1041 3528 occasum]
1073 3466 1142 3515 Nam
1153 3469 1237 3519 Coma

138 3543 270 3606 lyncibus
290 3543 318 3591 lu
340 3544 431 3593 celum
453 3550 529 3593 vecta
550 3543 666 3596 Ariadna
704 3538 844 3587 Berenices
862 3538 942 3587 1111181
959 3539 997 3588 1111
1005 3541 1106 3591 oriente
1122 3543 1237 3606 Booten,

143 3617 215 3668 tuis.'
232 3619 308 3666 Idem.
704 3616 738 3664 ab
749 3613 884 3663 occidente
903 3621 977 3678 terga
987 3615 1078 3680 leonis,
1090 3631 1106 3664 a
1121 3619 1233 3682 Septen·

167 3697 203 3742 ,ω
226 3693 352 3741 Uvirlulum
371 3707 386 3740 a
395 3693 471 3756 fletu]
506 3696 541 3744 Et
558 3696 600 3745 lic
622 3710 667 3746 ore
705 3691 789 3740 trione
809 3690 966 3753 posteriores
989 3691 1068 3752 pedes
1085 3693 1159 3744 Ursae
1180 3710 1235 3745 rna.

139 3773 313 3818 correctorum
324 3767 441 3816 Catullus
452 3767 574 3831 loquitur.
599 3771 666 3819 Nam
699 3765 776 3829 juria,
801 3780 817 3814 u
842 3765 950 3814 meridie
977 3767 1120 3829 Virginem,
1138 3772 1236 3820 morlia

138 3849 213 3891 retus
235 3842 365 3904 scriptura
386 3841 462 3904 longe
484 3842 560 3890 aliter
580 3843 667 3905 habet,
704 3856 809 3906 prorsus
821 3849 930 3904 quatuor
941 3843 1140 3892 arteriaruorum.
1157 3846 1236 3895 Idem.

144 3919 391 3981 Viuislulumustuulu.
415 3917 466 3967 Sed
474 3917 592 3982 profecto
603 3920 665 3969 Gal·
737 3923 769 3967 69
790 3918 979 3980 Sedquuupuum
994 3933 1030 3967 ure
1048 3925 1236 3982 souepresaunr

138 3993 238 4043 licanus
248 3994 331 4051 codex
341 3994 462 4044 habuisse
471 3994 574 4044 videtur
581 3996 665 4058 ustula
704 3992 805 4052 uestigio
816 3992 908 4054 dirum]
925 3992 1030 4055 Aratus,
1038 3995 1095 4042 θεῶν
1105 3994 1150 4044 ὑπὸ
1160 3997 1236 4046 ποσσὶ

140 4070 208 4117 unde
219 4067 315 4119 facturn
323 4070 413 4135 fluctu.
445 4070 569 4133 Numqui
583 4071 666 4133 afleta
704 4071 817 4131 φορεῖται.
834 4069 910 4118 Idem.

139 4143 237 4206 legunt,
253 4153 283 4195 ut
290 4146 376 4212 'habet
392 4145 484 4195 melior
502 4159 561 4209 pars
573 4145 667 4196 editio·
735 4149 767 4194 ⁷⁷
785 4144 885 4201 Quicum
895 4159 947 4206 ego,
957 4147 1013 4195 dum
1021 4146 1103 4210 uirgo]
1125 4144 1234 4209 Noster,
