2774 4702
295 895 354 988 C.
407 897 766 991 VALERII
830 901 1193 999 CATULLI

578 1166 905 1305 VITA,

503 1466 551 1516 EX
575 1466 754 1518 EDITIONE
775 1467 975 1519 VULPIANA.

187 2041 379 2131 Vaunruo
402 2064 585 2131 capuceo
614 2065 727 2137 Quinti
757 2089 949 2154 praenomen
978 2070 1092 2137 tribuit
1114 2070 1137 2136 J
1140 2072 1287 2156 csephus

186 2168 347 2252 Scaliger,
361 2169 605 2252 corruptissimi
617 2171 687 2235 loci
703 2171 902 2236 auctoritate
915 2172 1032 2252 frctus,
1048 2192 1091 2236 ex
1104 2173 1222 2255 Elegia
1242 2174 1287 2238 ad

184 2269 340 2348 Januam,
350 2271 626 2338 vs.l2:testatus
638 2275 911 2356 praeterea,sein
921 2274 1058 2357 antiquo
1069 2274 1153 2338 libro
1161 2272 1286 2339 Jacobi
1327 2294 1330 2299 ·

185 2369 319 2456 Cujacii
338 2371 372 2437 J.
395 2371 433 2437 G.
456 2373 507 2436 ita
531 2373 692 2456 scriptum
715 2375 898 2439 manifesto
928 2375 1145 2458 comperisse.
1191 2373 1285 2440 Huic

183 2472 347 2556 Scaligeri
379 2474 589 2558 persuasioni
618 2473 748 2558 pondus
775 2474 868 2540 addit
888 2468 1049 2540 ¹Joannes
1075 2473 1285 2554 Harduinus,

182 2576 241 2659 qui
255 2573 317 2660 (ad
339 2575 478 2641 ‘Librum
495 2592 654 2641 xxxvrr.
678 2576 760 2642 Nat.
776 2576 942 2640 Historiae
961 2573 999 2639 0.
1014 2574 1116 2639 Plinii
1135 2575 1284 2640 Secundi

182 2695 255 2761 cap.
269 2675 319 2760 6.)
333 2677 487 2757 affirmat,
503 2679 537 2742 in
549 2679 701 2743 omnibus
712 2676 887 2742 codicibus
900 2694 1001 2740 mann
1012 2675 1160 2739 exaratis
1169 2674 1285 2741 Catul-

181 2773 423 2845 lquuintum
439 2778 612 2860 appellari.
657 2775 848 2840 consensus
870 2781 979 2839 tamen
1001 2775 1219 2856 eruditorum,
1235 2783 1284 2842 at·

181 2898 246 2962 que
257 2879 419 2943 editiones
434 2899 531 2962 paene
545 2897 658 2943 omnes
668 2878 892 2960 refragantur:
915 2876 1035 2959 quibus
1049 2877 1130 2940 olim
1143 2879 1285 2961 proeive·

179 2986 231 3045 rat
245 2979 286 3044 L.
304 2979 469 3065 Apuleius
485 2980 730 3059 Madaurensis,
746 2997 823 3044 cum
840 2979 874 3042 in
890 2977 1056 3061 Apologia
1075 2980 1187 3062 priore
1211 2998 1284 3044 cer·

165 3078 305 3145 'minum
314 3081 519 3164 quorundam
529 3100 664 3146 sucrum
672 3080 849 3145 lasciviam
862 3078 935 3143 Caii
943 3077 1065 3143 Catulli
1074 3079 1283 3144 nobilissimo

178 3182 335 3266 exemplo
350 3181 506 3246 defendit.
551 3181 594 3246 Et
608 3188 698 3245 certe
711 3181 836 3245 librarii
850 3186 990 3256 veteres,
1005 3179 1175 3244 nominum
1188 3181 1283 3244 sinri-

178 3282 322 3349 litndine
344 3284 488 3368 decepti,
505 3282 663 3348 Gaulum
677 3281 822 3346 Po‘dtam
844 3302 921 3347 cum
937 3280 1072 3346 Catullo
1092 3300 1186 3365 saepe
1199 3302 1282 3347 con-

177 3384 319 3452 fundunt
328 3407 340 3452 -ε
363 3388 490 3452 idcirco
506 3386 632 3452 facturn
646 3386 815 3462 existimo,
831 3392 870 3448 ut
885 3403 959 3448 cum
975 3382 1027 3446 illi
1044 3379 1180 3448 Quintus
1192 3403 1281 3467 prae·

176 3505 294 3551 nornen
320 3487 429 3566 fuerit,
455 3489 533 3552 huic
557 3489 657 3554 etiam
683 3486 774 3551 idem
800 3485 1014 3568 effingerent.¹
1053 3483 1282 3550 Veronensem

672 3667 783 3720 NOTAE

209 3787 223 3832 1
241 3781 316 3833 Alius
327 3786 400 3833 certe
412 3781 517 3838 Quintus
529 3781 636 3831 catullus
646 3779 708 3843 fuit,
747 3795 790 3830 ma
800 3779 896 3831 catulli
904 3778 921 3841 ς’
937 3784 965 3828 et
975 3779 1008 3828 ad
1020 3791 1083 3828 ¹111.
1095 3779 1218 3830 roe-Q.
1231 3780 1281 3829 Cu·

176 3858 249 3923 cujus
264 3859 394 3922 integrum
411 3871 504 3907 nomen
517 3857 621 3914 Quintus
632 3855 708 3905 Luce-
748 3856 807 3905 tulli
819 3854 981 3919 Epigramma
998 3869 1013 3904 e
1025 3853 1179 3904 Callimachi
1189 3855 1282 3919 Epigr.

174 3934 225 3984 tiss
234 3933 540 3998 hemmerannum
554 3932 707 3994 urbicarios,
748 3945 828 3983 xorrr.
839 3931 953 3982 suaviter
964 3943 1115 3994 expressum
1128 3929 1211 3980 refert
1219 3931 1280 3981 Gel-

174 4011 223 4060 hoc
235 4017 286 4072 est,
297 4009 500 4073 mimographus,
511 4009 545 4058 de
556 4023 605 4073 quo
616 4008 705 4058 viden·
746 4008 796 4057 lius
819 4020 879 4058 xrx.
897 4012 921 4059 9.
941 4007 1010 4073 quod
1028 4006 1130 4070 incipit,
1149 4006 1282 4072 ‘Aufugit

174 4084 223 4135 dus
235 4085 393 4135 Scholiastes
405 4085 438 4134 ad
446 4084 568 4136 Juvenal.
578 4098 640 4134 vrrr.
649 4088 705 4135 18⁵.
744 4083 780 4132 mi
792 4083 900 4147 unimus,
911 4083 1000 4146 credo,
1016 4089 1047 4132 ut
1057 4082 1133 4144 solet,
1151 4083 1184 4131 ad
1195 4083 1281 4133 'l'lreo-

174 4160 208 4210 ad
219 4160 316 4212 verba‘
328 4161 474 4213 clamosum
487 4175 576 4225 egeres
587 4170 616 4213 ut
625 4161 705 4213 Piras-
746 4159 846 4211 tinum!
863 4159 965 4213 Omitto
978 4158 1080 4227 Ctaapm
1090 4158 1212 4225 Curatum,
1221 4159 1281 4210 Sto·
