2774 4702
463 317 639 367 ‚cauuurr
665 313 771 365 nxrt.
1122 302 1187 369 189

85 460 187 509 cultum
208 459 347 522 puellarem
367 458 541 522 negligentem
560 458 694 523 sapienter
709 457 869 521 exhibuerit,
887 459 957 525 quod
976 459 1082 525 quidem
1101 461 1188 526 ipsam

85 540 182 603 insigni
193 540 258 604 ejus,
267 554 326 604 qua,
334 539 447 603 predita
461 539 521 601 fuit,
529 539 620 591 formae
631 539 818 604 pulchritudini
832 539 883 605 (ra.
892 543 933 591 tu.
944 539 998 604 itt.)
1007 530 1103 592 norum
1113 541 1189 594 addit

85 619 255 670 lenocinium.
297 618 373 672 Quod
396 619 478 682 igitur
499 620 653 670 recentioris
675 618 741 670 artis
762 619 858 669 Critici
880 626 909 670 et
928 620 1101 685 elegantiores
1119 637 1188 674 vere

84 698 286 763 pulchritudinis
295 705 459 763 spectatarea
469 699 637 764 praecipiunt,
647 698 792 764 pictoribus
801 698 990 766 lictoribusque
1007 701 1149 765 imaginum
1160 705 1187 755 in

84 778 263 844 exprimendis
279 779 607 844 auimipertarbatiouibns
625 781 668 830 rel
678 779 789 831 maxime
800 780 945 831 carendum
956 795 1023 844 esse,
1038 797 1072 832 ne
1090 784 1191 835 oriatur

86 859 222 926 turpitudo
232 866 262 911 et
271 859 431 922 deformitas,
441 860 488 910 sed
499 860 643 911 venustatis
653 867 682 912 et
699 860 802 911 decoria
813 861 955 926 diligenter
970 862 1097 913 babeatar
1111 865 1189 927 ratio,

85 940 246 1006 ’alapprims
255 954 272 990 s
282 939 363 1004 polita
372 945 463 990 nostro
473 939 639 990 observatum
651 953 718 1002 esse,
727 954 780 990 non
795 941 852 991 aine
863 941 998 1006 voluptate
1008 943 1191 994 animadverti·

84 1037 154 1073 mn.
184 1021 255 1073 Vidn
265 1035 323 1086 qa·
333 1021 366 1071 ad
377 1021 550 1071 Luconntem
562 1020 689 1085 Lemlngii
699 1020 850 1072 obaervarit
866 1021 992 1072 ΗΜ
1002 1022 1063 1073 olim
1074 1022 1101 1072 in
1111 1023 1188 1088 Spica

87 1101 185 1153 critias
194 1102 245 1153 rol.
253 1115 284 1153 11.
296 1117 322 1167 p.
333 1105 392 1152 ata
409 1100 477 1151 adde
488 1101 641 1163 Hogeduraii
654 1101 887 1166 ‘Betracbtungen
904 1103 972 1153 liber
987 1103 1031 1154 die
1051 1103 1189 1170 Malerey,'

85 1181 192 1239 cetrx'.
205 1197 230 1246 p·
242 1186 299 1233 1⁰8.
331 1182 390 1232 Nec
406 1182 516 1232 multam
534 1181 705 1245 intercedam,
722 1181 744 1232 si
761 1181 819 1247 quis
839 1181 925 1246 po'e‘tar
945 1182 972 1232 in
991 1183 1041 1235 bac
1059 1184 1190 1235 Ariadneo

86 1261 265 1313 adumbrauda
278 1263 390 1325 imagine
402 1277 488 1312 rernm
500 1262 611 1328 aliquam
628 1263 758 1326 picturam
774 1264 817 1312 vel
832 1267 944 1313 statuam
959 1269 1034 1314 certe
1051 1264 1086 1315 ub
1100 1267 1190 1317 oculus

40 1381 45 1387 .
85 1349 218 1392 versatam
229 1357 286 1392 esse
297 1341 441 1393 contendat
450 1349 479 1393 et
488 1342 538 1392 aibi
548 1343 715 1406 persuadeat.
730 1341 866 1393 Placuiase
873 1344 943 1393 enirn
951 1344 999 1395 boc
1010 1352 1189 1409 argumentum

85 1423 113 1471 in
125 1421 283 1487 antiquitate
299 1419 451 1484 artificibus,
470 1422 511 1470 vel
528 1435 562 1470 ex
580 1421 612 1471 iis
628 1422 811 1484 monumentis,
829 1436 939 1488 quorum
958 1426 1082 1475 memoria
1098 1426 1130 1475 ad
1141 1440 1190 1476 nos

85 1503 219 1566 pervenit,
239 1497 343 1553 inuade
359 1508 443 1566 patet.
476 1501 599 1564 Inprimis
620 1500 701 1564 digna
723 1506 765 1551 est
787 1515 845 1565 que
867 1501 1020 1553 conferatur
1039 1504 1188 1567 pictura-io

84 1583 202 1633 Picturia
210 1581 449 1632 Herculanenaibus
459 1583 488 1632 Τ.
500 1595 533 1632 ιι.
541 1580 596 1631 tab.
608 1585 649 1631 u.
657 1579 692 1631 cf.
702 1581 770 1632 Plin.
780 1580 850 1632 Hist.
862 1582 889 1632 N
891 1587 927 1634 at.
935 1593 1022 1632 xxxv.
1031 1587 1071 1631 ll.
1079 1598 1100 1632 s.
1109 1588 1151 1633 tili.
1161 1592 1191 1636 et

83 1662 182 1714 Iunius
192 1663 220 1712 in
237 1661 330 1712 Indice
345 1660 484 1712 Artificum
501 1677 523 1712 s.
532 1675 558 1712 v.
569 1660 876 1724 nmium-Proposita
895 1668 983 1712 autem
1001 1662 1051 1712 bac
1062 1661 1190 1713 Ariadnen

84 1743 211 1806 imagine,
219 1742 275 1805 ipse
286 1741 367 1805 po'e‘tn
379 1749 467 1806 partes
477 1741 533 1805 agit
543 1741 704 1804 interpretis,
711 1748 741 1792 et
751 1741 785 1791 nd
794 1740 910 1792 fabulam
920 1742 955 1793 de
965 1755 1053 1792 amore
1064 1741 1191 1794 Ariadnen

84 1829 114 1874 et
124 1821 200 1875 cade
208 1821 352 1872 Minotauri
363 1821 629 1885 latinseaplicandam
641 1821 843 1887 pergit-Hinc
853 1822 888 1873 ad
896 1823 980 1873 locum
989 1822 1191 1887 pulcherrimam

85 1903 120 1953 de
130 1902 210 1953 variis
220 1901 298 1955 aaut
309 1901 536 1964 commotionibus,
553 1902 648 1967 quibus
658 1903 759 1953 misella
769 1903 816 1953 illa
826 1903 949 1967 agitatur,
960 1903 1145 1967 pregreditur;
1162 1910 1191 1954 et

84 1981 220 2046 pratalia,
228 1996 288 2046 qun
298 1995 397 2031 summo
408 1981 492 2032 dolori
503 1981 671 2044 conveniunt,
682 1982 796 2032 dirarum
807 1983 931 2048 denique,
947 1983 1040 2047 quibus
1054 1983 1100 2034 iila
1110 1989 1191 2048 caput

83 2060 184 2112 'l'laeaei
192 2061 313 2125 ὁμοιοῖ,
329 2061 461 2112 mentione
471 2062 579 2126 iniecta,
589 2062 622 2112 ad
633 2077 745 2127 poeuaan,
755 2077 833 2128 qnam
843 2078 904 2113 mox
916 2079 933 2113 s
942 2064 1041 2115 'lbesee
1052 2065 1192 2128 repetierit

64 2186 69 2192 .
84 2140 205 2206 Jupiter,
223 2141 327 2204 transiq
346 2139 486 2207 fabulaque
504 2141 538 2192 de
556 2142 647 2205 AEgeo,
666 2143 692 2191 in
710 2156 822 2194 maresc
840 2144 1034 2208 praecipitante,
1055 2144 1190 2195 subortam

85 2221 229 2274 senaim
243 2222 336 2273 'rhemi
352 2221 464 2287 perfidia
482 2223 508 2272 in
525 2222 617 2272 animis
636 2223 762 2275 lectorum
780 2223 984 2288 indignationem
1001 2223 1191 2289 quodammodo

85 2303 356 2368 abstergit—itm
365 2309 462 2366 amm,
473 2304 517 2368 qui
527 2303 583 2352 brec
594 2304 681 2353 omnin
689 2305 750 2354 telas
759 2304 860 2354 intexta
871 2318 928 2354 esse
940 2302 1110 2365 arbitrantur,
1121 2303 1190 2368 qnod

85 2385 164 2435 nde
172 2383 252 2434 mo&
260 2397 310 2434 nee
321 2398 338 2434 e
348 2383 530 2446 serbiapotru
542 2383 611 2448 elici,
621 2398 680 2448 nec,
689 2384 818 2450 quomodo
828 2385 855 2434 in
867 2384 1049 2447 peristromate
1060 2383 1106 2435 illo
1122 2398 1192 2434 cern·

87 2464 291 2529 nadaaamiml
310 2464 453 2529 patuerint,
468 2464 581 2528 cogitari
592 2471 696 2528 potest3
713 2465 778 2516 iicet
795 2466 862 2515 banc
874 2464 1029 2513 sentemiarn
1041 2463 1191 2526 nuperrime

86 2545 259 2596 exornaverit
269 2544 441 2595 nocuimus
459 2544 535 2609 hujus
546 2534 669 2594 carminis
680 2545 811 2609 interpres
829 2544 1049 2594 Mltscberiicblus
1059 2543 1087 2592 iu
1103 2541 1193 2605 Lecti·

88 2625 185 2676 unibus
190 2624 288 2694 Catulli
297 2639 327 2689 p.
335 2624 461 2676 tu-Ha
470 2624 589 2674 omnibus
597 2624 687 2688 igitur,
697 2639 756 2688 que
764 2624 798 2674 ad
807 2624 950 2688 pleniorem
957 2622 1050 2674 'Ibeaei
1057 2621 1192 2691 biatoriarn

88 2704 227 2770 pesum
238 2704 400 2766 riderentur,
416 2704 553 2768 expositis,
569 2701 602 2751 ad
618 2702 816 2766 explicationem
835 2701 941 2752 alterius
960 2702 1080 2766 picture,
1096 2714 1154 2764 qno
1164 2699 1192 2749 in

88 2791 167 2835 reate
182 2784 230 2834 iila
246 2783 363 2847 stragula
379 2780 600 2846 conspiciebatur,
618 2781 700 2845 pnite
717 2782 889 2832 convertitur.
906 2779 958 2846 (rs.
975 2778 1047 2845 dia.)
1062 2779 1193 2842 Baucbna,

87 2880 150 2916 man
158 2865 243 2915 tbinse
252 2870 281 2914 et
291 2877 389 2928 ponpa
394 2861 524 2912 Bacchica
534 2861 642 2911 mulam
651 2859 722 2910 illan
733 2872 879 2926 pererrans,
887 2860 921 2910 ad
932 2859 1061 2924 perditam
1068 2865 1097 2910 et
1106 2860 1192 2909 animo

88 2946 273 3008 &ape-tem
292 2943 405 3008 puellam
416 2941 531 3004 advolat,
539 2941 650 3006 ejusque
661 2956 750 2992 more
760 2942 917 2993 incenditur.
948 2939 1078 2991 Subitbic
1089 2954 1192 3005 qnoque

87 3025 178 3077 mirari
189 3023 333 3089 prudenter
344 3022 429 3086 pobtae
438 3021 584 3072 institutam
594 3022 730 3084 rationem,
740 3023 794 3087 qni,
802 3037 860 3072 cunr
870 3022 982 3085 inrdytas
993 3021 1051 3070 illas
1062 3019 1193 3070 Ariadnes

88 3104 262 3156 camliacebo
272 3103 387 3168 nuptias,
397 3101 526 3168 inquibus
537 3102 716 3153 describendis
725 3102 759 3152 ad
770 3116 892 3152 nauseam
903 3115 982 3166 nsque
993 3101 1110 3150 luxuriat
1120 3099 1193 3151 Nou·

88 3183 263 3250 uns-Dima.
282 3196 369 3234 auru.
390 3182 495 3233 uberior
515 3182 645 3246 persequi,
660 3187 689 3230 et
707 3180 776 3244 qnod
789 3180 919 3245 aequioris
936 3179 1021 3229 artatis
1037 3178 1117 3243 pe'eta
1135 3192 1192 3228 uc.

87 3263 250 3316 madh-aa
258 3263 395 3326 ambabus,
405 3261 475 3326 quud
486 3260 568 3324 aiunt,
578 3266 728 3322 arrepturus
746 3258 849 3319 suimet,
859 3258 995 3308 commode
1004 3258 1060 3321 jam
1071 3257 1105 3305 ad
1116 3256 1192 3305 Pelei

88 3345 199 3409 nuptias
207 3338 353 3395 tranferre
360 3348 458 3407 posset,
469 3342 525 3391 buc
536 3341 622 3390 onnia
631 3340 750 3390 consulto
757 3328 924 3402 prutenniait
934 3338 1047 3401 silendo,
1056 3343 1084 3386 et
1093 3343 1191 3400 prater

88 3439 203 3490 ea„qnn
213 3424 248 3474 ad
267 3424 396 3488 picturam
414 3420 597 3472 declarandam
614 3419 705 3470 facere
724 3419 883 3481 viderentur,
896 3432 930 3468 ue
942 3417 1077 3468 verbulum
1087 3414 1192 3481 quidem

91 3504 361 3556 addidlti-Fortaae
372 3503 399 3552 in
415 3502 466 3552 bac
477 3515 581 3566 quoqne
598 3501 702 3565 pictura
712 3499 747 3549 sd
761 3506 861 3550 certum
873 3496 990 3563 aliquod,
997 3496 1069 3562 quod
1080 3504 1137 3549 turn
1147 3509 1193 3547 ex·

89 3593 173 3650 taret,
177 3584 286 3636 adticis
293 3589 484 3634 monumentum
493 3581 573 3647 poita
580 3594 609 3631 oe
618 3581 772 3646 composuit.
805 3580 875 3630 Num
883 3594 942 3633 eum
951 3580 976 3631 in
985 3580 1034 3629 boe
1041 3581 1194 3642 argumento

91 3646 201 3732 „oapi
217 3665 355 3716 naemrce
381 3678 491 3729 pamma
510 3662 649 3713 murum
669 3661 781 3726 exprim
809 3668 925 3725 putent,
946 3668 975 3712 at
993 3657 1194 3710 nmmum

89 3747 256 3812 imagineaia
276 3746 425 3796 universnm
444 3743 653 3810 frequentissime
673 3742 858 3808 effingereatur
876 3743 958 3810 (quod
976 3757 1010 3793 ex
1025 3737 1194 3793 infinitat'era

90 3827 485 3892 anaglypboram,gemrnarnrn,
501 3832 530 3875 et
540 3832 693 3888 statuarum,
709 3840 767 3891 qum
783 3825 832 3875 bac
848 3825 881 3874 de
900 3839 928 3874 re
946 3823 1031 3873 adbuc
1046 3820 1194 3883 seponunt,

90 3907 260 3959 multitudine
272 3911 346 3957 recte
363 3905 487 3970 colligere
504 3902 669 3968 posanmusia
684 3903 861 3954 lubentissime
878 3915 941 3952 sane
959 3901 1019 3950 huic
1040 3897 1194 3959 argumento

90 3987 230 4038 traetsnds
240 3993 271 4037 et
280 3984 431 4036 exornando
441 3999 548 4051 operam
557 3998 629 4034 snam
646 3982 804 4034 addixerunt
814 3988 920 4032 veteres
930 3977 1052 4028 artifices,
1084 3967 1195 4048 iurabit

88 4069 136 4118 iaie
154 4082 259 4133 quoque
270 4067 408 4118 contulisse
420 4065 535 4116 tabularu
555 4065 776 4116 Herculanensem
787 4063 815 4113 in
828 4059 945 4112 Picturis
954 4047 1194 4107 Herculaneneibns

88 4147 286 4204 Temnum.
301 4152 346 4205 10.
353 4145 389 4198 ci·
407 4147 516 4198 Bellorii
535 4143 776 4201 admirantium.
790 4141 880 4206 Autiq.
892 4149 990 4188 aarum.
1001 4140 1028 4184 et
1039 4144 1097 4197 qnae
1109 4143 1124 4178 e
1136 4123 1196 4189 ῙᾸΡ·
1251 4168 1255 4173 ·
1271 4192 1275 4200 ,
