2774 4702
139 304 206 375 ³66
491 316 599 368 ποτε
625 285 825 366 veniouuu
850 315 890 366 nr

135 466 188 531 git.
222 461 285 524 Ver,
302 459 422 525 inquit‚e
441 460 537 512 Pisone
555 472 671 523 propre·
707 458 830 509 utentibus
841 472 857 507 e
867 456 1021 522 Republica,
1029 458 1071 507 vei
1082 462 1193 509 euterun
1204 473 1240 510 ex

138 548 196 590 tore
206 544 294 587 restro
303 536 340 585 itu
348 537 452 598 ueeepti
463 536 536 598 ertio,
544 534 671 601 quomodo
707 532 856 584 domesticis
868 533 1152 598 convictionibue,quor
1162 534 1241 584 Cice·

138 628 189 678 ego
222 628 238 662 u
264 611 388 661 Memmio
416 620 576 675 propretore
603 621 672 659 meo.
708 624 738 660 ro
749 611 821 676 queri
832 624 866 660 ex
884 611 992 660 cohorte
1009 609 1130 672 pretoria
1147 611 1240 673 eppei·

138 690 300 754 Numquam
309 687 432 737 deberem
438 687 465 735 in
474 685 672 736 tubuiieoeribe·
707 685 756 734 leri
766 686 862 748 touton,
873 699 921 749 pro
937 698 1016 748 opere
1032 685 1137 747 egregie
1149 686 1175 733 in
1186 700 1241 736 me·

139 779 179 826 re,
191 771 327 828 eoeeptnm
338 761 422 813 refero
430 762 525 812 irmelio
536 775 560 811 r..
570 773 670 810 nm:
708 760 845 824 gistratum
855 765 950 811 neuutn
968 761 1065 823 dupiex
1081 761 1241 812 emolumen-

140 839 225 889 rieem
244 839 300 903 ejus
322 837 423 888 acribo:
441 851 457 886 n
474 837 582 886 Memmi
603 835 671 885 bene
708 841 790 886 turne
805 841 918 900 pretore
936 837 1058 901 conrequi
1077 837 1185 887 soiitorr
1202 839 1240 888 ui·

44 904 47 909 ’
139 913 202 963 mibi
213 912 328 975 iiiurieti,
338 912 382 976 qui
400 911 427 960 in
442 910 613 961 contubernio
624 916 670 958 tuo
708 916 793 961 terum
802 911 828 960 in
837 911 979 976 provincia,
987 910 1185 976 quodlueelinm
1195 927 1240 962 ro·

138 987 349 1052 poliieeburmibi
357 983 671 1050 montesauuuedquon-
707 987 833 1048 eebetur3
851 988 959 1037 eiternm
976 988 1003 1036 in
1023 986 1087 1036 urbe
1099 993 1161 1050 pout
1171 987 1241 1038 redi·

140 1070 194 1114 tum
207 1078 255 1126 ego
264 1063 351 1125 video,
359 1076 410 1112 non
418 1061 502 1110 minue
511 1059 672 1109 robieiliueit
707 1066 762 1110 tum
770 1077 786 1111 e
795 1062 942 1126 provincie:
954 1063 1240 1127 quumeorumnomine

138 1138 244 1188 Praetor
256 1144 342 1188 reeter
352 1137 426 1199 Pion,
443 1150 519 1201 quem
534 1135 671 1185 Memmius
706 1151 724 1186 u
740 1137 891 1201 megirtretu
908 1138 935 1185 in
953 1137 1080 1186 eranum·
1090 1135 1241 1187 resereben·

139 1213 212 1262 mibi.
244 1213 310 1262 Hree
323 1225 390 1262 nune
401 1215 463 1260 runt
473 1211 532 1260 inee
549 1210 670 1259 clariore.
707 1218 760 1276 tur,
778 1212 805 1261 in
820 1211 993 1263 beneficiariis
1009 1212 1240 1275 proconeniinrire

141 1289 180 1338 Ut
191 1287 267 1338 reide
287 1287 393 1350 decepti
412 1286 473 1349 rint,
492 1285 536 1350 qui
555 1286 671 1349 putarint
705 1288 876 1352 propraetoris
895 1287 1063 1337 vocabuntur.
1097 1286 1168 1341 Nam
1185 1302 1240 1339 nm·

143 1363 271 1412 Catullum
293 1377 310 1410 u
330 1360 455 1411 Memmio
483 1360 672 1424 turpitudinem
708 1363 855 1427 gistratum,
865 1369 892 1412 et
901 1363 943 1428 qui
950 1364 1025 1426 jureu
1036 1364 1126 1427 popuii
1138 1364 1242 1426 prouin-

140 1453 244 1502 peneum
255 1437 671 1502 eeee‚quumpudormeuedieere
708 1438 907 1501 ciemregeret,
925 1438 1104 1503 proconsulem
1123 1443 1170 1488 eut
1182 1453 1242 1503 pro·

141 1520 224 1564 vetut.
266 1513 383 1563 Verbum
410 1513 480 1563 enim
507 1510 671 1576 flagitiorum,
709 1518 957 1575 praetoremrocare
974 1513 1171 1577 rusquehubeo.
1197 1514 1242 1564 ci·

141 1604 192 1654 quo
203 1591 285 1640 utitur
304 1590 430 1648 Catulino,
448 1602 500 1639 non
516 1589 542 1638 in
553 1603 611 1638 eum
622 1589 673 1653 rig·
709 1601 770 1637 cero
791 1588 818 1636 in
836 1587 1025 1637 Frumenterie:
1055 1586 1149 1651 ‘Ager
1176 1588 1241 1652 qnid

139 1665 315 1717 nitieetionem
327 1665 508 1729 recipiendum
519 1670 561 1713 eet
571 1681 576 1710 :
588 1664 634 1713 ned
646 1666 673 1714 iu
710 1668 764 1712 turn
784 1663 805 1712 ei
823 1661 941 1726 Apronio
961 1663 1057 1712 delitiis
1066 1663 1242 1716 Pretorium·

124 1754 209 1802 eum,
229 1742 256 1790 in
278 1756 354 1805 quem
375 1740 494 1803 ruperint
516 1738 673 1803 accepimns,
710 1737 770 1786 celii
779 1737 875 1802 eiiquid
881 1739 948 1801 jurei
960 1745 1020 1788 eunt
1031 1738 1112 1789 dare?
1140 1739 1239 1793 Puteto

140 1831 219 1880 quum
238 1817 348 1866 eundem
367 1816 513 1865 Praetorem
531 1814 569 1863 ite
584 1814 673 1878 appel·
709 1810 827 1876 Apronio
843 1813 944 1874 dutum,
962 1814 985 1863 oi
1001 1813 1178 1877 Apronianum
1200 1817 1240 1865 in·

139 1890 206 1940 ierit
216 1890 243 1938 iu
254 1891 449 1951 epigrummute‚
465 1888 599 1936 Vurrurrue
608 1901 674 1936 meur
709 1887 803 1934 cellum
817 1901 848 1935 eo
866 1900 917 1936 nou
933 1889 1056 1949 pretoria
1067 1887 1241 1951 predevubie

139 1965 171 2013 ud
189 1977 243 2011 ruor
261 1975 360 2011 amores.
391 1961 505 2009 Verbum
524 1961 591 2008 enim
608 1960 672 2009 iilud
708 1960 859 2012 videbitur!
891 1963 965 2012 Idem
975 1958 1009 2012 ud
1020 1963 1117 2014 Rufum
1126 1971 1241 2029 quento-

139 2051 173 2085 eo
189 2043 306 2097 tempore
317 2032 370 2082 ἀντὶ
382 2033 426 2082 τοῦ
437 2033 551 2096 ἔντρνφᾷν
562 2033 672 2096 eoeipie·
708 2049 764 2084 rem
775 2051 848 2086 suurn
866 2038 933 2087 libro
951 2039 1040 2103 quinto
1051 2039 1240 2103 epistolarum:

143 2111 228 2161 batur.
260 2106 483 2160 Quemadmodum
494 2112 587 2155 contre
596 2106 625 2154 rb
638 2109 673 2156 ἐν·
709 2111 777 2160 ‘Sed
787 2127 837 2176 ego
848 2115 939 2177 putavi
949 2129 1007 2164 esse
1018 2116 1068 2166 viri
1078 2116 1150 2177 boni,
1161 2131 1240 2181 quum

138 2187 272 2249 τρυφᾶσθαι
287 2183 426 2232 dicebatur
441 2181 673 2233 alteroverboob·
708 2186 818 2248 populun
844 2203 919 2237 ouum
951 2195 1076 2253 servaret,
1103 2192 1240 2242 consulere

140 2275 237 2324 rooenu,
254 2259 322 2325 quod
340 2259 399 2308 huie
416 2272 431 2308 e
443 2257 548 2321 regione
568 2271 672 2321 respon·
708 2260 819 2312 fortunio
830 2269 870 2313 tot
880 2265 922 2313 vel
932 2265 1071 2315 amicorum
1082 2266 1124 2315 rel
1136 2267 1239 2320 civium.

139 2336 197 2397 det,
218 2336 287 2400 quod
305 2334 411 2399 quidem
431 2330 537 2382 uerbum
555 2332 672 2383 ultimum
708 2337 776 2387 Num
800 2338 832 2388 de
854 2340 947 2390 iueeiio
970 2347 1012 2390 eot
1037 2341 1077 2391 ite
1098 2347 1186 2392 aetum
1209 2350 1240 2395 ut

141 2407 672 2471 eetinSenzouteMertielie,cnjuoiniti·
706 2419 812 2462 unetore
840 2414 887 2465 Cn.
905 2416 1031 2480 Pompeio
1056 2416 1107 2465 iou
1128 2419 1240 2480 pecunie

141 2497 200 2533 um:
218 2484 353 2533 ‘Conviva
368 2483 482 2547 quinquie
500 2483 566 2533 Zoili
584 2491 672 2547 potest
706 2487 734 2536 in
745 2486 803 2537 fano
812 2496 968 2552 poneretur:
985 2490 1012 2539 id
1020 2505 1067 2554 ego
1076 2492 1171 2554 ugnori
1179 2507 1239 2543 meo

140 2558 216 2608 eeee'
248 2558 317 2608 Num
334 2557 371 2607 ibi
387 2557 452 2607 iilud
464 2559 570 2608 verbum
581 2574 634 2610 non
644 2561 672 2611 in
701 2563 965 2627 jueoueesei'eotum:
982 2566 1238 2631 quopecuninPom-

141 2634 290 2685 obeeoeuem
311 2640 423 2697 purtem,
440 2649 497 2697 quae
516 2635 598 2698 primu
615 2637 671 2701 ejuo
708 2637 781 2700 peine
792 2644 833 2688 ert
844 2653 904 2689 ueue
913 2646 944 2690 ut
954 2655 1009 2703 ene,
1021 2656 1098 2706 quum
1114 2648 1144 2692 tu
1160 2643 1239 2707 depo·

140 2715 181 2759 eet
191 2709 273 2772 notio,
283 2709 337 2773 red⁵
344 2723 391 2773 pro
402 2708 544 2772 inpvpdruo
554 2710 671 2775 numitor,
707 2710 806 2775 ruerus,
814 2715 936 2765 Sextius!
968 2714 1048 2765 Video
1064 2716 1143 2766 exitio
1151 2717 1238 2768 verbio

140 2785 238 2848 exponi
248 2785 422 2847 contumeliae,
435 2785 569 2848 stupidum
577 2786 673 2837 eeneii·
708 2787 841 2838 Ciceronir
864 2790 992 2853 privatum
1015 2792 1153 2855 pecuniam
1174 2794 1237 2843 emi·

140 2858 205 2909 iudi.
222 2858 288 2906 Scor.
707 2874 807 2926 eorum,
828 2868 856 2913 et
878 2864 974 2915 civium
995 2868 1082 2916 rooeri
1103 2868 1236 2919 lunellum.

172 2935 189 2980 8
205 2930 298 2980 Datum
305 2931 398 2994 medo]
408 2931 490 2982 Titine
499 2932 553 2997 dut,
561 2934 670 2985 Meuiue
708 2936 785 2987 Quod
793 2951 885 2988 nomen
896 2939 1072 3006 ὑποκοριστικῶς
1079 2943 1238 2994 attribueba-

142 3005 248 3069 neoipit.
293 3006 404 3057 Mevius
431 3015 568 3072 acceptum
589 3009 672 3060 refert
708 3016 751 3059 tur
768 3013 1151 3079 commodiepraetoriauorum3
1167 3018 1236 3083 quod

139 3080 226 3131 Titine
243 3079 324 3131 Titine
336 3080 467 3135 detumet
478 3094 620 3145 expensum
633 3100 672 3133 ro·
708 3099 770 3134 vero
781 3086 890 3137 debetur
901 3090 950 3152 ipsi
964 3091 1081 3154 pretori,
1099 3091 1236 3143 dieebutnr

139 3155 311 3207 sertMevio.
327 3156 387 3206 Hue
399 3163 427 3207 et
437 3155 487 3220 ipsi
494 3158 567 3221 pueri
575 3159 670 3210 oeiunt.
706 3159 878 3212 honorarium.
911 3163 963 3213 Sed
984 3166 1036 3229 qui,
1055 3165 1117 3228 quid
1130 3167 1166 3217 eit
1182 3168 1237 3228 ‘lii'

139 3234 192 3284 Sed
204 3235 266 3299 quin
278 3239 338 3283 eunt
353 3236 400 3284 τῶν
410 3231 467 3297 πρός
475 3250 508 3296 τι,
518 3242 671 3285 convertun·
707 3235 817 3297 cellum:
834 3237 902 3287 noire
919 3239 1002 3303 eupit,
1018 3239 1088 3302 legat
1099 3239 1235 3303 epistolum

140 3314 193 3370 tur,
214 3309 237 3358 ei
256 3323 395 3372 personum
416 3315 569 3361 commutes.
601 3311 670 3362 Nam
706 3309 778 3361 iiiam
789 3311 1235 3378 Ciceronie‚inquatumennoniu-

138 3383 252 3434 Mevius
270 3388 356 3447 poteut
368 3383 497 3433 seribere:
515 3383 610 3435 Refero
624 3385 670 3435 du·
706 3388 795 3437 veniet
811 3403 867 3439 eum
877 3389 1029 3454 lectionem,
1038 3406 1115 3455 quern
1127 3392 1235 3443 adduxi·

138 3465 195 3507 tum
214 3457 292 3508 mihi:
320 3458 389 3513 idem
408 3459 476 3523 epim
496 3472 527 3509 ee
546 3460 569 3508 oi
588 3460 669 3523 dicet,
705 3463 1233 3530 mue‚uedineptireimem,nempe‘Lue-

140 3538 278 3596 eoeeptum
295 3531 382 3582 refero
401 3532 541 3585 Quaestori.
574 3535 669 3599 ltaque
706 3535 981 3601 eeio'pro‘iuee1105’
994 3539 1235 3604 quierroretini'ru

138 3607 256 3657 Catulino
280 3605 363 3656 refert
381 3607 429 3656 eibi
452 3607 540 3658 dotum
557 3609 667 3663 iueeiior
704 3611 733 3660 in
753 3611 844 3661 eedem
864 3613 977 3677 epietoin
1002 3629 1149 3680 quenquam
1176 3617 1234 3668 alin

137 3683 188 3732 hoo
208 3687 251 3732 eet
271 3679 354 3730 refert
371 3689 508 3746 adreptum
536 3684 668 3737 Memmio.
704 3686 972 3738 literiedierimuintuo
989 3696 1040 3753 eet,
1056 3690 1109 3740 iliis
1128 3692 1233 3745 verbio:

138 3757 227 3811 Quid?
243 3755 391 3820 illud,quod
399 3757 530 3821 eeqnitpr:
540 3758 668 3810 oMeruruo‘.
705 3761 775 3811 ‘Sed
786 3761 809 3812 oi
825 3762 887 3828 quid
904 3770 953 3827 est,
963 3778 1042 3829 quum
1051 3763 1085 3815 de
1097 3767 1174 3831 lugeo
1188 3781 1234 3831 pe·

138 3833 207 3887 Heu
218 3839 279 3884 eunt
291 3830 378 3898 rerba,
391 3846 449 3898 qne
464 3833 579 3884 Catulino
590 3834 618 3884 in
628 3851 668 3887 re·
703 3849 762 3887 rum
780 3842 881 3901 gratum
900 3837 982 3888 viuum
1000 3845 1049 3902 ert,
1066 3841 1138 3904 qnod
1148 3856 1197 3906 ego
1207 3843 1234 3892 in

138 3908 251 3960 tionibus
271 3909 375 3974 accepti
391 3908 450 3960 vult
468 3909 575 3962 referre.
613 3911 667 3963 Sed
704 3910 848 3962 rationibus
860 3911 1001 3964 referendis
1010 3915 1165 3968 etiamnunc
1177 3931 1234 3968 eor·

138 3984 210 4046 priue
222 3984 364 4045 sciendum,
382 3984 411 4034 id
430 3984 500 4050 quod
518 3990 668 4051 supremi·
704 3988 789 4052 rigere
800 3988 915 4055 poeeim.'
932 3990 975 4040 lbi
985 3989 1054 4041 enim
1065 3991 1233 4043 ‘delneeilu'

75 4125 80 4131 ἱ
139 4057 232 4123 gimue,
252 4059 360 4110 comiter
373 4064 402 4110 et
417 4060 549 4124 adjutores
567 4065 667 4128 negoti·
703 4066 840 4132 legendum
851 4075 891 4120 ert
902 4083 935 4118 ex
948 4056 1124 4133 superioribus
1135 4070 1232 4122 rerbir.

139 4143 211 4184 orum
220 4133 391 4202 publicorum,
399 4137 442 4204 qui
450 4135 577 4190 debentur
586 4140 666 4202 mugi·
703 4141 747 4195 lte
766 4149 793 4195 et
811 4141 948 4208 epistolum
965 4145 1233 4210 Cioerouieemende·
