2774 4702
484 291 515 339 0.
539 289 698 341 vannius
723 289 888 340 canutus

265 432 380 500 Caesio
393 433 521 499 veniam
532 434 652 500 obvius
667 434 786 499 Leoni.

264 534 344 601 Hoc
358 542 395 602 ut
409 537 507 614 dixit,
521 533 638 615 Amor,
654 537 817 602 sinistram
830 541 870 601 ut
883 540 970 616 ante,

266 638 431 703 Dextram
445 637 582 703 sternuit
595 637 878 720 approbationem.

266 736 315 806 At
328 739 435 805 Acme
449 740 564 805 leviter
578 744 679 822 eaput
692 740 877 817 reflectens,

266 840 313 906 Et
325 841 435 906 dulcis
449 841 543 924 pueri
554 840 665 904 ebrios
680 839 808 905 ocellos

266 941 334 1005 Illo
348 960 515 1025 purpureo
529 961 586 1006 ore
602 941 769 1018 suaviata,

267 1041 338 1121 Sic,
352 1043 472 1127 inquit,
488 1062 564 1107 mea
576 1045 657 1121 vita,
674 1041 870 1125 Septimille,

266 1140 360 1207 Huic
373 1162 440 1207 uno
456 1143 709 1227 dominansque
726 1142 925 1221 serviamus,

269 1241 320 1306 Ut
332 1243 436 1307 multo
448 1242 529 1306 mihi
542 1241 649 1327 major
664 1243 837 1326 acriorque

268 1343 361 1425 Ignis
376 1343 534 1407 mollibus
549 1343 645 1407 ardet
656 1343 692 1407 in
705 1342 873 1407 medullis.

269 1441 348 1508 Hoc
363 1448 399 1508 ut
412 1444 512 1523 dixit,
527 1442 644 1523 Amor,
660 1445 826 1510 sinistram
839 1450 878 1510 ut
891 1450 980 1523 ante,

139 1634 461 1700 Libbaaatladiatorrida.
494 1635 586 1686 Sutim
601 1641 672 1699 atpas
689 1635 853 1699 mmuatiasit
869 1636 917 1686 ista
935 1635 1015 1699 aerba,
1036 1635 1128 1698 Cupido
1146 1650 1163 1684 a
1180 1635 1242 1686 ioeaa

135 1705 207 1765 parte
228 1697 368 1749 amatoris
385 1714 520 1763 prosperum
535 1715 678 1761 emensam,
694 1704 723 1748 ut
731 1701 808 1763 prius.
840 1702 912 1750 Acme
930 1714 985 1749 nero
1002 1705 1138 1763 retorqueas
1156 1699 1242 1749 leuiter

139 1766 261 1824 cemicas,
271 1768 295 1813 rt
312 1765 379 1812 υιιιιιι
388 1765 430 1812 iiio
440 1763 568 1814 rubicundo
578 1765 682 1813 osmiata
696 1765 777 1813 maen
793 1765 958 1814 adolescentuli
973 1765 1050 1813 emtor
1063 1765 1146 1821 ebrios,
1163 1764 1188 1813 0
1203 1764 1242 1812 ml

139 1828 281 1891 Βιριιιιιιιιι,
299 1827 378 1890 inquit
395 1827 450 1888 illa,
467 1827 518 1876 sita
534 1842 594 1890 mss,
604 1829 641 1877 ita
651 1841 741 1890 semper
751 1827 901 1892 obmauamar
910 1829 1020 1878 solitarie
1036 1828 1148 1886 amsa·
1163 1841 1242 1890 passm

141 1895 263 1942 admodum
275 1893 377 1955 stamma
387 1891 459 1940 muto
469 1891 622 1940 uehementior
641 1895 664 1940 st
681 1891 759 1940 aerior
774 1893 834 1942 miti
845 1893 942 1957 flagrat
957 1894 1087 1943 interseris
1103 1892 1241 1941 trimeribus.

140 1955 230 2006 Statim
240 1961 310 2018 atque
326 1955 405 2004 rerba
415 1955 463 2004 ista
473 1955 549 2019 dixit,
561 1955 653 2018 Cupido
664 1969 679 2004 a
689 1957 748 2005 ioesa
756 1961 825 2020 parte
842 1957 985 2007 stemataob
994 1956 1092 2018 salicem
1105 1970 1243 2006 eonsensum

600 2082 777 2102 ‘Min

175 2171 190 2215 b
208 2165 241 2214 Iu
249 2179 329 2230 marg.
340 2165 416 2215 Bodl.
427 2166 540 2242 quoi-8
557 2164 589 2213 ln
600 2163 661 2216 edd.
669 2170 736 2216 vett.
749 2171 777 2215 et
788 2165 854 2216 Stat.
865 2165 939 2216 codd.
950 2166 1058 2228 ιιιιιιινιι,
1067 2169 1095 2214 ut
1105 2169 1161 2214 ante
1171 2165 1243 2214 Dex-

142 2231 303 2289 sammua
313 2229 496 2293 approbaturum
511 2229 536 2278 iu
556 2229 612 2278 aliis
631 2231 745 2280 ειιιιιιιιι
764 2231 790 2279 in
810 2232 885 2281 Voss.
902 2230 1077 2280 lisinistrarrte
1087 2233 1160 2287 ants,-
1172 2229 1243 2279 nude

141 2291 214 2357 iecit,
225 2294 316 2344 Horat
327 2294 392 2343 dixit
401 2293 476 2343 Amor
486 2293 584 2343 sinbter
594 2299 658 2352 aute,
668 2294 789 2343 Dextram
804 2295 907 2343 mamati
916 2294 1117 2357 approbationem:
1133 2293 1202 2342 Seal.
1213 2299 1244 2343 et

142 2357 246 2408 Marcii.
258 2359 384 2422 legerent,
397 2358 473 2408 Amor
483 2357 581 2406 sinim
597 2357 689 2418 inante,
709 2359 832 2407 Dextram
846 2361 947 2407 sternuit
957 2357 1162 2423 approbationem
1176 2357 1244 2406 Mel.

144 2435 191 2484 pro
210 2426 237 2471 at
256 2427 311 2471 arte
326 2423 394 2486 conj.
412 2421 510 2471 amanti.
545 2422 617 2470 Leet.
632 2428 746 2470 nostram
767 2421 888 2486 produxit
905 2423 972 2472 Stat.
989 2437 1021 2472 ex
1037 2422 1099 2471 Pat.
1117 2421 1245 2470 altero.-

144 2489 175 2535 lo
192 2485 223 2535 ln
244 2485 312 2536 Stat.
324 2486 400 2536 codd.
413 2485 521 2535 Adbane
533 2500 579 2547 me,
601 2485 652 2546 vel,
668 2485 708 2534 Ad
726 2486 776 2534 bae
796 2500 841 2545 me,
857 2486 884 2535 ia
901 2487 957 2536 aliis
977 2486 1054 2535 codd.
1072 2487 1111 2534 Ad
1127 2485 1245 2534 Acme.—

145 2553 177 2598 12
193 2549 258 2600 Mel.
275 2552 439 2600 somata-14
456 2550 487 2598 In
508 2549 567 2599 Pet.
578 2555 687 2614 utroque
707 2565 761 2613 urso,
777 2550 899 2614 ἀρχαϊκῶς·
916 2551 942 2600 in
953 2551 1067 2615 aliisuai,
1079 2548 1246 2614 improbante

636 2694 747 2745 NOTAE

145 2813 199 2858 tam
215 2812 290 2858 vasta
310 2820 368 2856 esse
388 2806 548 2869 perhibetur,
567 2811 597 2854 ut
615 2820 672 2855 earn
711 2808 927 2873 interpretantur,
944 2812 976 2857 ut
992 2820 1082 2857 sensns
1093 2805 1144 2855 sit:
1163 2803 1247 2857 Amor

144 2881 249 2932 tradant
260 2895 318 2930 esse
329 2883 433 2931 tertiam
449 2888 549 2943 partem
560 2881 672 2931 omnium
712 2884 805 2934 dextra
817 2884 930 2934 sternuit
937 2882 1135 2948 approbatione,
1143 2887 1173 2932 ut
1181 2891 1244 2932 sate

144 2963 282 3008 terrarum.
712 2959 826 3021 sinistra,
838 2960 856 3010 i.
867 2974 891 3010 e.
903 2958 983 3023 carpit
992 2956 1120 3021 propitius
1131 2971 1198 3018 esse,
1210 2957 1246 3007 si·

178 3038 194 3083 7
212 3033 288 3082 Casio
296 3031 368 3096 bans]
380 3031 479 3083 Caesius
488 3035 528 3079 est
534 3030 606 3079 color
614 3029 673 3078 snb·
712 3043 757 3086 eut
770 3043 831 3086 ante
847 3035 935 3085 fuerat
947 3034 1070 3084 adversas
1084 3041 1113 3083 et
1131 3033 1247 3084 sinister.

148 3109 323 3174 viridiuissuee
332 3109 442 3173 quodam
450 3105 585 3170 splendore
595 3105 674 3155 inter·
713 3108 1245 3173 sternutationemnamquehabebsntpro

145 3184 252 3249 micans,
268 3186 371 3250 qualem
389 3185 415 3233 in
434 3182 515 3231 leonis
535 3180 616 3231 oeulis
627 3195 673 3244 po·
713 3185 785 3248 signo
801 3183 968 3251 confirmandi
987 3183 1088 3248 augurii
1102 3190 1130 3233 et
1141 3183 1245 3234 amoris.

145 3259 271 3309 tissimum
290 3259 435 3309 cernimus:
453 3255 596 3322 hujusmodi
613 3270 674 3304 ocu·
715 3260 837 3323 Propert.
855 3258 975 3310 ‘Aureus
994 3265 1115 3323 argutum
1133 3261 1247 3310 sternuit

143 3333 184 3384 los
196 3333 323 3384 Minervas
331 3333 457 3383 bellorum
466 3331 571 3398 praesidi
581 3330 676 3381 tribue·
716 3349 791 3385 omen
802 3334 900 3385 Amor!

145 3416 206 3459 runt
217 3409 320 3473 Poeta,
334 3416 426 3475 utpote
438 3407 586 3475 praeferocis
598 3406 676 3457 animi
747 3416 764 3461 9
788 3413 907 3462 Dextram
926 3413 1028 3461 amauit
1045 3411 1247 3475 approbationem]

144 3484 251 3535 indices.
715 3487 776 3536 Hoc
799 3492 848 3546 est,
871 3486 1010 3550 propitiam
1035 3494 1063 3536 et
1084 3500 1247 3550 prosperam.

178 3565 193 3609 8
206 3559 428 3625 Ληων,ιίηἰιιναηι]
437 3561 675 3612 Lieet‘sinistrrrrn’
716 3561 748 3610 In
760 3576 835 3625 qnam
847 3561 1002 3610 senteutiam
1011 3561 1165 3610 Theocritus
1181 3561 1247 3610 scri-

147 3635 275 3698 significet
292 3635 465 3699 ‘infaustum'
484 3644 512 3686 et
532 3638 675 3686 ιιιιοιιιίιιιι-
717 3636 756 3686 bit
764 3636 912 3686 Simichidre
923 3636 1022 3701 pastori
1033 3650 1134 3685 amores
1144 3642 1248 3685 stemu-

145 3711 221 3776 tum,’
232 3718 357 3777 quantum
368 3719 454 3762 tamen
464 3712 496 3761 ad
508 3715 578 3763 Deos
590 3721 618 3764 et
628 3728 673 3763 au·
715 3712 820 3772 tavisse,
831 3712 961 3762 iubenum
973 3711 1082 3775 auspicii
1092 3725 1177 3760 omen.
1195 3711 1248 3760 Pe·

144 3787 674 3854 ¹garispertinet,signitieat‘prosperum’
713 3788 806 3851 nelops
827 3787 907 3838 etiam
928 3786 997 3852 apud
1018 3787 1097 3836 Hom.
1116 3786 1169 3836 od.
1189 3789 1247 3847 ²⁴⁰

146 3865 201 3916 Cic.
220 3865 253 3916 de
271 3866 334 3929 Leg.
353 3864 397 3913 ‘Is
409 3879 457 3913 ase
469 3864 576 3914 sinistra
587 3865 671 3915 dictus
714 3865 905 3914 sternutatione
920 3863 1069 3916 Telemachi
1080 3861 1174 3925 gandia
1186 3875 1248 3926 per·

145 3941 234 4005 populi
246 3941 366 4004 magister
374 3939 431 3990 est'
463 3941 498 3990 Et
508 3939 673 4004 illudVirgil.
714 3937 841 3988 funditur.

144 4014 284 4066 ‘Intonuit
305 4015 417 4076 levium?
439 4019 489 4066 dre.
529 4016 595 4065 Nam
616 4029 674 4079 quae
748 4018 778 4062 il
797 4015 883 4062 Ebrios
899 4013 991 4076 ocellos]
1016 4012 1113 4063 Amore
1135 4011 1249 4063 seilicet.

145 4090 220 4141 nobis
236 4093 341 4143 sinistra
354 4098 423 4156 sunt,
434 4092 490 4141 Diis
502 4099 529 4143 et
543 4091 675 4142 Caelitibus
715 4089 757 4139 Sic
767 4087 904 4139 Anacreon
920 4091 959 4142 'lis
968 4089 1050 4140 sauir
1057 4090 1119 4152 arripe
1126 4091 1250 4154 κολυμβᾷ,

146 4162 239 4216 dextra
255 4167 389 4220 habemns.
423 4166 477 4218 litii
495 4175 581 4217 tamen
600 4166 676 4216 aliter
714 4161 888 4229 „aarum
