2774 4702
138 309 205 377 214
490 329 521 374 e.
545 326 702 376 vinnan
727 327 891 376 urrunnr

140 469 310 549 consitus,
325 471 433 536 oblito
448 471 576 536 dimisit
589 479 726 556 pectore
739 476 869 548 cuneta,

140 571 228 650 Quae
243 572 400 637 mandata
414 575 506 656 prius
520 574 689 637 constanti
704 579 814 637 mente
828 573 982 637 tenebat:

140 673 263 738 Dulcia
276 694 338 738 nec
353 680 473 739 moesto
488 674 668 739 sustollens
684 675 779 756 signa
793 674 934 758 parenti,
1175 672 1245 740 21⁰

141 776 323 858 Sospitam,
338 782 372 838 et
385 780 530 858 ereptum
546 795 584 839 se
600 774 745 840 ostendit
758 776 867 840 visere
882 779 1021 858 portum.
1181 786 1184 790 ’

140 874 299 961 Namque
315 878 436 954 terunt,
451 876 530 941 olim
546 876 739 941 classicum
753 876 879 940 moenia
893 875 994 941 Divae

30 1050 37 1059 ,
140 978 360 1061 linquentem
375 982 509 1059 gnatum
523 978 633 1041 ventis
649 976 863 1041 concrederet
877 977 1015 1059 AEgeuS,

39 1143 42 1147 ,
139 1077 239 1143 Talia
253 1078 463 1162 complexum
474 1078 592 1162 juveni
607 1079 762 1143 mandatu
776 1078 910 1143 dedisse
919 1099 972 1143 :-

140 1177 264 1257 Gnate,
279 1180 360 1244 mihi
373 1180 474 1262 longa
484 1179 664 1263 jucundior
677 1181 774 1244 unice
788 1181 872 1257 vita,
1163 1176 1242 1244 ula

140 1278 263 1358 Gnate,
279 1300 344 1362 ego
357 1301 456 1365 quem
470 1282 505 1345 iu
521 1280 640 1345 dubios
656 1300 757 1362 cogor
770 1280 931 1346 dimittere
945 1300 1057 1359 casus,

140 1379 289 1448 Reddite
304 1383 338 1446 in
354 1388 510 1447 extremae
524 1399 628 1466 nuper
641 1382 723 1447 mihi
738 1382 804 1447 fine
819 1388 979 1459 senectae,

140 1479 420 1568 Quandoquidem
436 1485 568 1549 fortuna
582 1504 668 1562 mea,
680 1503 721 1549 ae
737 1491 797 1548 tua
809 1483 936 1550 fervida
949 1483 1051 1547 virtus

139 1581 250 1668 Eripit
266 1586 368 1651 invito
382 1587 462 1650 mihi
477 1592 522 1664 te,
538 1588 620 1671 quoi
633 1586 792 1670 languida
804 1584 952 1649 nondum

137 1773 235 1822 memori
244 1774 330 1823 deleuit
342 1775 421 1824 omnia
431 1774 513 1838 putris
523 1778 651 1838 precepta,
661 1789 713 1838 qaoe
725 1778 796 1823 autea
806 1773 885 1823 leaeo
891 1777 984 1836 pauco
999 1771 1094 1832 anate
1104 1769 1224 1822 retinebat
1230 1789 1243 1833 ,·

138 1852 212 1900 aeque
222 1841 356 1901 expandens
371 1839 472 1888 madida
482 1839 534 1888 uelo
549 1839 622 1887 axso
631 1839 696 1899 patri
718 1852 765 1887 suo
785 1837 906 1902 rigaiJleot
923 1852 948 1886 se
963 1837 1051 1886 κλωπ
1066 1840 1091 1884 et
1104 1835 1244 1886 hom

137 1901 240 1950 reuisen
255 1907 361 1964 pomum.
393 1903 486 1952 Dicunt
505 1903 568 1951 euim
583 1917 635 1951 cum
651 1903 742 1962 AEgeus
760 1903 838 1950 uentis
856 1903 971 1964 quondm
988 1899 1144 1949 commutent
1157 1899 1242 1966 filiu

138 1965 264 2013 Theseum
283 1979 342 2014 eum
362 1967 434 2015 olum
444 1981 475 2015 es
485 1966 542 2014 urbe
553 1966 613 2015 Deo
624 1966 739 2014 Palladis
749 1964 775 2014 in
787 1967 892 2015 Cretam
907 1963 1101 2078 proditiueutenu
1116 1969 1242 2027 posque-

138 2041 199 2076 eum
215 2032 276 2076 esset
286 2031 449 2092 exosculatus,
459 2031 509 2078 hae
527 2029 668 2078 adolescenti
680 2035 798 2092 mecepte
814 2029 919 2079 dedisse:
973 2028 1016 2093 flii
1029 2027 1162 2088 menits,
1178 2027 1241 2079 mitt

137 2093 251 2141 diuturno
266 2107 379 2142 macnus
387 2094 463 2156 spatio
474 2095 542 2155 louge
550 2093 664 2154 gratim
679 2094 742 2158 ofili
752 2093 895 2154 carissime,
909 2090 1086 2144 recesseratis
1096 2090 1241 2142 redditenh

138 2155 264 2204 rumim
274 2159 400 2206 uocantis
410 2157 510 2219 ultima,
530 2173 597 2221 pum
607 2172 678 2219 cogor
693 2159 720 2207 ia
740 2158 831 2206 lacertu
850 2157 988 2206 sumaim
1003 2155 1110 2214 mium,
1129 2154 1242 2218 quonia

138 2219 267 2279 infelicitas
282 2236 343 2285 mes,
366 2226 451 2285 tuoque
474 2225 560 2271 ardeas
576 2221 653 2271 uinus
675 2222 741 2285 rupit
759 2228 784 2271 tc
808 2221 868 2270 mihi
886 2219 1024 2284 reluctanti,
1041 2219 1081 2269 eui
1102 2219 1242 2282 leugam

598 2349 778 2370 W

139 2431 188 2478 2⁰8
205 2428 320 2482 Cnosia
332 2428 358 2478 iu
369 2429 429 2479 edd.
448 2431 583 2495 antiquiss.
600 2430 697 2482 Arent.
714 2431 784 2494 conj.
804 2430 930 2480 Cousitw
946 2428 972 2478 tn
984 2426 1113 2476 nonnullis
1124 2438 1242 2490 quasse-

136 2493 226 2557 qnitur
238 2493 298 2558 Bip.
314 2494 419 2554 demisit,
432 2495 595 2559 improbante
608 2495 769 2545 licea-211
786 2495 910 2545 Nostram
922 2495 983 2542 lect.
999 2496 1129 2542 testantur
1137 2488 1243 2549 bisffil.

139 2564 168 2606 et
177 2556 237 2607 edd.
249 2564 316 2608 vett.
340 2557 458 2623 Sospitem
477 2564 580 2610 uectum
595 2559 622 2608 in
634 2559 731 2609 duobus
742 2559 810 2609 Stet.
821 2558 896 2608 codd.
915 2555 984 2606 uude
994 2555 1111 2606 nonnulli
1122 2554 1242 2618 mptu-

138 2625 291 2681 etersctum3
310 2622 385 2673 Voss.
407 2623 524 2686 sospitem
546 2624 706 2682 &aristeum
725 2630 753 2672 et
772 2637 820 2686 per
843 2623 985 2672 Erechteum
1003 2623 1099 2683 portum
1115 2618 1243 2683 intelligit

136 2684 227 2735 ‘littus
250 2684 411 2736 Athenarum
428 2688 462 2738 ab
485 2687 664 2752 antiquissimo
686 2702 748 2749 rege
765 2686 895 2736 Erechteo
914 2685 952 2734 sie
969 2681 1148 2747 appellatum,'
1164 2694 1242 2745 quan

138 2748 199 2799 leet.
221 2757 309 2801 servat
327 2751 376 2800 Ed.
395 2766 471 2802 auou.
494 2751 540 2801 sed
557 2765 609 2801 non
624 2760 754 2812 correcte,
776 2749 855 2800 habet
874 2749 943 2800 eninr
961 2747 1120 2801 ursulam.-
1144 2744 1241 2797 nefins

138 2819 231 2875 postea
241 2815 372 2875 tentabat,
383 2815 501 2878 Sospitam
515 2815 643 2865 Ereebteos
652 2829 678 2864 ss
687 2815 789 2864 ostendit
798 2815 874 2863 eiam
887 2815 1058 2878 portua-212
1075 2811 1108 2859 Iu
1120 2809 1240 2861 omnibus

138 2874 215 2925 codd.
223 2881 252 2925 et
262 2876 323 2926 edd.
334 2884 402 2928 vett.
411 2879 490 2940 aaut,
501 2877 618 2941 ἂρχαῒκῶε
627 2892 674 2942 pro
682 2879 843 2991 cluse,er
852 2875 1052 2930 loeusubstitnit
1060 2874 1141 2923 Pout.
1149 2880 1222 2924 ceste
1228 2889 1240 2931 ς

139 2943 169 2989 et
179 2938 217 2988 sie
227 2939 292 3002 legit
304 2941 374 2990 Mur.
386 2942 424 2992 sie
433 2942 613 2991 etiamiueod.
623 2942 773 3004 sublegisse
825 2948 891 2992 rmat
899 2940 993 2992 Heius.
1009 2938 1085 2988 Idem
1091 2938 1184 2995 Heius.
1211 2952 1240 3001 ro

137 3002 270 3053 dimeloui
280 3004 347 3067 conj.
363 3005 610 3055 acroenum-aru
627 3003 1177 3070 Ιιίιιφιινιίιθειιιιίιιηιὶι]θηρὶὶ.εἰκῆ7
1207 3002 1214 3016 ”
1243 3052 1247 3059 ,

139 3064 302 3130 improbante
313 3069 397 3119 Doar.
426 3071 497 3120 hcet.
509 3076 625 3121 nostram
637 3076 742 3121 amant
760 3085 848 3121 omues
867 3070 936 3121 Stat.
952 3067 1111 3119 coda-arr
1127 3067 1172 3122 Sia
1187 3065 1240 3131 lesi

639 3233 745 3285 NOTAE

139 3354 187 3405 hus
199 3355 299 3419 annuit,
312 3357 426 3410 'iheseus
436 3361 506 3412 illico
522 3361 617 3413 oblitus
629 3370 668 3415 est
709 3368 771 3424 tem,
786 3360 853 3427 quod
865 3360 899 3410 ab
911 3374 942 3410 eo
953 3357 1070 3423 AEgaeum
1082 3355 1237 3420 appellatur·

138 3430 263 3479 mandata
273 3432 366 3497 patris,
376 3449 434 3500 quae
446 3436 573 3500 ejusmodi
585 3443 668 3502 erant,
740 3441 789 3487 21⁷
810 3437 912 3486 Reddite
926 3436 954 3485 ia
961 3435 1015 3500 stne
1030 3432 1142 3496 κακίω]
1170 3432 1241 3485 Quia

138 3508 169 3551 nt
180 3502 201 3551 si
212 3505 295 3555 vietor
312 3509 397 3559 occiso
415 3511 564 3563 Minotauro
576 3514 668 3564 evade·
708 3525 802 3575 nempe
810 3512 924 3562 'l'neseus
934 3525 968 3561 ex
975 3509 1068 3559 AEtlrra
1076 3508 1179 3559 Pitthsi
1188 3506 1242 3559 ath

139 3576 295 3629 rotdomum
309 3581 413 3634 rediens
428 3587 539 3637 eandida
555 3589 614 3638 veta
624 3604 669 3639 ex·
708 3586 788 3648 AEgeo
798 3594 874 3636 notus
885 3586 913 3636 in
931 3585 1046 3637 Ciuitate
1060 3585 1196 3650 Troemns,
1212 3590 1242 3635 et

139 3652 255 3717 tolleret,
265 3655 355 3718 nigris,
367 3659 496 3722 quibusin
508 3663 613 3714 Cretam
624 3679 668 3714 na·
709 3661 779 3726 apud
797 3662 932 3712 Pittheum
948 3675 1024 3725 avum
1044 3659 1173 3711 educatus
1190 3672 1242 3710 uun

140 3727 258 3792 vigebat,
268 3729 370 3780 omniuo
383 3732 518 3797 depositis.
709 3736 820 3787 eontulit
831 3751 859 3787 se
870 3736 988 3787 Athenas
1005 3734 1039 3785 sd
1050 3733 1186 3786 viandum
1197 3747 1243 3798 pa·

171 3806 220 3854 218
237 3805 339 3868 AEgeus]
357 3805 518 3861 Athenarum
527 3812 594 3876 Rex,
601 3813 669 3864 Pan·
710 3818 787 3875 trem,
797 3817 829 3862 ut
845 3811 962 3862 iudicent
980 3810 1111 3860 Diodorus
1129 3815 1160 3860 et
1178 3808 1243 3860 Pla·

138 3877 221 3929 dionls
231 3878 299 3929 filius
310 3895 342 3931 ac
350 3883 445 3933 Thesei
457 3892 542 3951 pater,
552 3889 593 3953 qui
603 3904 671 3940 mor·
711 3889 824 3952 turchos,
838 3888 887 3939 nisi
897 3902 956 3938 cum
963 3886 1021 3952 jam
1032 3884 1204 3950 adolevisset,
1210 3892 1244 3938 et

137 3961 211 4006 mum
229 3954 310 4006 filium
328 3957 478 4024 arbitratus,
495 3977 554 4014 eum
569 3965 669 4028 nigrum
709 3962 789 4014 fortia
805 3964 921 4014 facinora
935 3962 1074 4027 pugnaudo
1092 3977 1152 4013 cam
1165 3964 1244 4028 plari·

137 4031 223 4080 velum
240 4031 314 4082 navis
332 4034 389 4098 ejus
405 4035 539 4088 redeuntis
554 4040 672 4106 ecreto,
710 4041 758 4091 bus
769 4041 885 4092 hostibus
896 4038 1031 4104 edidisset,
1042 4045 1158 4105 tuncque
1173 4040 1244 4106 agul-

139 4106 209 4169 quod
220 4119 253 4157 ex
260 4107 389 4165 oblivione
399 4125 449 4163 non
457 4121 599 4178 moverat,
610 4130 668 4181 pro·
710 4121 753 4166 tus
770 4122 811 4168 est
822 4115 856 4166 eb
871 4117 963 4181 AEqeo,
982 4114 1026 4168 esi
1037 4115 1246 4182 posteris-reg-

138 4180 400 4246 spexissehlnmsra
417 4200 446 4240 ss
462 4186 667 4257 deditpracipi·
707 4191 913 4248 aunsucoessit.
981 4240 985 4245 .
1096 4238 1099 4245 ,
