2774 4702
444 362 449 368 ,
552 299 762 350 ramrsrro.
1162 282 1205 354 la

90 449 244 513 *verbnm
266 465 287 510 e
309 444 439 511 Graecis
460 442 613 510 traducta
634 461 721 521 esse,
741 441 816 527 ipse
836 441 957 511 fatetur
969 441 1081 513 Poeta
1094 440 1205 511 Germ.

101 546 286 637 nxu1.(ei.
300 547 411 612 Carm.
428 560 533 609 cxvr.
546 551 581 609 et
596 541 679 628 nr.);
701 551 778 609 sunt
790 544 860 610 alia
872 543 1036 629 inquibus
1051 542 1204 624 Po'e'iam,

98 651 167 718 nisi
182 649 379 715 Graecorum
393 648 499 712 verba
515 665 556 710 ac
568 647 750 710 sententias
760 648 971 730 expresserit,
980 648 1029 712 ita
1037 652 1207 715 versatum

96 752 205 817 fuisse
221 751 402 833 argumenti
424 750 510 814 ratio
525 749 680 826 ostendit,
695 752 733 814 ut
754 747 923 813 coloribus
938 749 1056 815 alienis
1077 766 1140 814 sua
1153 748 1204 817 in-

99 854 226 921 fecisse
247 853 410 919 videatur.
454 850 556 929 Quod
572 856 682 915 tamen
696 846 847 915 Catullus
860 850 940 914 fecit
954 870 997 916 ex
1018 870 1122 928 more,
1138 869 1206 934 quo

18 1024 24 1041 f
99 975 216 1020 omnes
237 954 386 1019 Romani
411 954 587 1038 scriptores
610 950 750 1017 Graecos
770 951 941 1016 hebebant
961 951 1153 1034 magistros,
1170 955 1206 1023 et

100 1057 145 1123 ad
175 1055 299 1122 Graeca
321 1057 453 1136 ingenia
480 1076 517 1120 se
545 1073 684 1139 prorsus
715 1054 981 1137 componebant;
1011 1073 1202 1137 quanquam

80 1227 83 1230 ,
101 1157 231 1223 Nostro
243 1179 309 1223 non
330 1157 474 1235 deerant,
490 1178 567 1242 quoe
591 1156 874 1221 adinventionem
888 1156 1066 1238 pertinent,
1082 1154 1204 1237 ingenii

98 1259 154 1341 ris
168 1279 210 1325 ac
224 1259 391 1327 celeritas.
436 1260 587 1326 Liberior
600 1244 680 1325 vero
697 1257 839 1323 imitatio
853 1276 969 1327 vereor
988 1262 1026 1322 ut
1049 1257 1203 1341 pluribus

99 1360 136 1425 in
148 1361 237 1427 locis
252 1381 399 1445 unquam
412 1361 631 1429 demonstrari
645 1360 766 1443 possit,
778 1378 856 1424 cnm
867 1357 1034 1438 Carmina,
1049 1358 1205 1442 equibus

100 1462 226 1530 Noster
240 1464 347 1527 multa
361 1462 573 1546 decerpsisse
585 1461 725 1538 videtur,
738 1461 909 1544 praecipue
923 1460 1129 1525 comicorum
1142 1478 1203 1527 ab*

99 1562 587 1650 tiquorum,temporisinvidia
601 1563 767 1645 perierint.
812 1561 866 1625 De
874 1560 1017 1644 singulis
1026 1561 1202 1627 sententiis

100 1669 248 1747 quaestio
269 1675 322 1733 est
342 1664 528 1746 difficilior;
559 1663 650 1749 quod
672 1685 741 1730 non
760 1663 906 1729 sensisse
925 1661 1080 1731 videntur
1097 1662 1200 1728 Inter·

98 1775 224 1850 protes,
237 1769 395 1833 facillime
416 1789 455 1833 eo
470 1768 616 1845 deducti,
636 1773 684 1843 ut,
706 1764 986 1850 quemadmodum
1006 1763 1099 1847 apud
1119 1763 1203 1835 Pro-

99 1871 253 1951 portium,
273 1873 322 1935 ita
342 1873 442 1938 etiarn
464 1871 554 1955 apud
577 1870 748 1935 Catullum
770 1870 1021 1952 comparatione
1042 1869 1202 1937 similium

100 1972 342 2038 sententiarum
356 1973 576 2049 abuterentur,
589 1977 622 2035 et
636 1969 781 2036 Poetam
796 1971 929 2053 ingenio
942 1989 1003 2034 suo
1016 1971 1064 2037 nil
1078 1970 1202 2037 debere

98 2076 267 2154 putarent.
294 2070 347 2137 Ac
360 2093 426 2138 non
442 2073 552 2137 solum
568 2071 712 2137 Graecos
726 2073 874 2137 imitatus
887 2078 939 2136 est
953 2069 1123 2150 Catullus,
1138 2073 1201 2138 sed
1283 2142 1285 2147 ,

98 2173 202 2237 etiam
232 2175 435 2258 antiquiores
458 2174 599 2239 Latinos
622 2172 763 2252 Poetae,
786 2181 821 2239 et
844 2173 888 2242 ad
903 2174 1019 2238 horum
1041 2174 1201 2258 exempla

99 2284 198 2338 suam
209 2274 344 2339 dicendi
355 2276 513 2339 rationem
523 2274 751 2341 conformavit.
796 2275 833 2340 Si
842 2276 985 2357 integros
998 2274 1201 2340 haberemus

99 2373 211 2453 Ennii,
226 2375 362 2454 Lucilii,
379 2377 414 2441 N
415 2378 503 2450 aevii,
519 2377 729 2460 aliorumque
741 2377 856 2455 libros,
873 2376 993 2440 certior
1013 2382 1106 2441 esset
1123 2395 1200 2460 res;

97 2495 188 2543 nunc
204 2497 281 2540 vero
295 2497 314 2542 e
328 2477 522 2560 fragmentis
538 2499 649 2564 pauca
660 2485 784 2545 tautum
796 2477 932 2563 probari
945 2483 1099 2560 possunt.
1143 2477 1201 2541 In-

97 2583 260 2659 terpretes
283 2598 363 2643 vero
384 2580 458 2643 haec
478 2598 596 2663 parum
618 2580 846 2657 observarunt,
866 2584 901 2642 et
921 2578 1040 2654 multa,
1056 2597 1134 2660 quae
1155 2598 1200 2643 ex

99 2677 297 2743 Graecorum
326 2686 360 2742 et
389 2679 582 2744 Latinorum
611 2680 796 2744 imitatione
829 2678 994 2761 explicari
1021 2675 1199 2756 debebant,
1327 2761 1328 2766 ἵ

99 2780 295 2844 omiserunt.
338 2778 386 2843 Ut
406 2779 525 2861 paucis
539 2778 706 2859 exemplis
720 2785 807 2854 utar,
823 2776 932 2841 Germ.
950 2792 1073 2842 nxvrr.
1085 2777 1117 2841 6.
1141 2777 1198 2842 de-

97 2879 189 2946 fendi
210 2880 309 2945 dehet
328 2879 438 2956 lectio,
456 2875 628 2962 Postquam
650 2885 692 2939 est
715 2885 858 2960 porrecto
870 2873 968 2962 forta
983 2877 1098 2941 marita
1111 2899 1201 2957 tener

98 2982 158 3047 ubi
178 2982 327 3065 antiquae
350 2980 517 3045 editiones
531 2978 666 3044 Vioent.
681 2973 775 3043 Brix.
797 2977 934 3045 Venett.
948 2975 1107 3045 exhibent
1124 3001 1200 3066 pru·

91 3083 187 3168 jecto,
204 3083 297 3166 quod
310 3081 510 3147 Parthenius
525 3074 676 3164 explicat
697 3082 857 3146 ‘excluso
873 3079 1003 3144 Baiae:
1042 3080 1083 3144 In
1098 3083 1205 3150 codd.»

99 3185 202 3249 Statii
215 3191 251 3249 et
264 3183 401 3249 membr.
411 3180 606 3246 Commelin.
619 3183 745 3265 optime
758 3181 879 3264 legitur
889 3191 1042 3265 porrecto.
1085 3181 1139 3248 Ac
1150 3184 1200 3250 ite

98 3285 234 3351 loeutus
248 3290 305 3349 est·
321 3305 340 3348 e
355 3283 550 3349 Graecorum
565 3303 671 3349 more.
717 3282 820 3348 Hom.
835 3282 875 3346 Il.
890 3283 1072 3349 xvirabti.
1107 3285 1199 3363 Αὐτὸς

99 3384 286 3472 &baduinus
298 3382 393 3470 μέγας
406 3385 576 3468 μεγαλωστὶ
592 3382 735 3457 τανυσθεὶς
752 3381 847 3458 KrJro.
886 3381 971 3446 Cum
993 3380 1148 3448 Carmine
1163 3402 1198 3448 V.

99 3489 361 3574 comparandum
376 3480 485 3561 estid,
494 3485 586 3568 quod
599 3485 688 3569 apud
699 3484 900 3549 Athenaeum
909 3497 991 3547 vr11.
1004 3483 1059 3547 14.
1073 3503 1110 3567 p.
1121 3486 1197 3552 239.

99 3589 284 3671 Schweigh·
309 3582 412 3653 extat.
453 3587 522 3650 Πῖνε
535 3584 585 3649 καὶ
600 3587 693 3665 παῖζε,
709 3583 800 3661 θνητὸς
821 3588 835 3646 ὁ
851 3582 923 3664 βίος,
938 3608 966 3647 κ.
980 3609 1010 3648 r.
1025 3597 1057 3647 λ.
1085 3580 1204 3653 οωω.’

100 3706 298 3755 exuimus,
313 3688 365 3752 18.
388 3708 463 3774 curn
479 3688 635 3772 Sapphus
645 3686 830 3770 fragmento
846 3703 917 3750 xri.
932 3693 967 3750 et
980 3687 1031 3751 sic
1043 3688 1120 3753 aliar
1142 3687 1196 3754 cf.

99 3791 298 3857 Rhunkenii
313 3789 414 3854 Praei.
431 3789 474 3854 ad
491 3788 616 3872 Hymn.
637 3789 671 3853 in
685 3787 795 3853 Ceret.
809 3809 844 3872 p.
859 3788 998 3872 xussq.
1034 3787 1091 3852 Ad
1112 3789 1199 3852 antid

98 3909 185 3974 quos
201 3890 328 3956 Poetae
338 3890 478 3954 Latinos
488 3890 573 3954 inter
581 3889 648 3954 alia
660 3889 764 3954 multa
771 3891 845 3955 haec
855 3895 1019 3973 spectant.
1041 3886 1196 3953 Carmine

102 4006 245 4055 nxxur.
259 3991 442 4074 exprimere
455 3990 591 4056 volebat
602 3989 700 4055 Ennii
712 3983 801 4076 apud
817 3990 890 4056 Cic.
913 3990 955 4055 de
974 3989 1070 4054 Offic.
1087 4004 1127 4055 ιι.
1141 3991 1195 4058 18.

101 4092 310 4169 ‘Beneiacta
333 4092 419 4157 male
439 4092 562 4171 locata,
577 4091 754 4158 mosiacen
775 4090 942 4172 arbitror3¹
964 4090 1019 4156 vel
1032 4090 1097 4157 hoc
1110 4092 1197 4157 anti·
