2774 4702
200 298 265 364 26⁴2
550 315 581 360 u.
605 313 763 361 vinnan
788 311 953 363 caunum

242 452 417 538 Inceptum
430 453 561 534 frustra,
575 455 719 521 nondum
732 474 810 521 cnm
823 454 983 537 sanguine
997 472 1096 519 sacro

287 554 417 619 Hostia
430 556 583 621 coelestes
595 553 809 640 pacificasset
821 556 930 620 heros.
1076 544 1081 553 ’

244 654 305 719 Nil
321 656 402 719 mihi
414 662 481 721 tam
496 656 595 722 valde
610 658 752 740 placeat,
768 654 980 721 Rhamnusia
992 654 1098 738 virgo,

288 755 390 834 Quod
406 763 528 822 temere
542 758 655 822 invitis
670 756 873 841 suscipiatur
886 755 985 820 heris.

245 855 360 934 Quam
371 858 488 942 jejuna
502 859 595 941 pium
611 856 777 922 desideret
790 876 850 921 ara
864 875 1024 936 cruorem,

289 958 402 1022 Docta
416 964 468 1023 est
482 959 607 1023 amisso
624 954 915 1039 Laodamiavi103

246 1056 406 1142 Conjugis
422 1065 499 1125 ante
513 1065 631 1126 coacta
644 1060 725 1124 novi
739 1060 900 1125 dimittere
914 1059 1051 1136 collum,

291 1158 406 1237 Quam
421 1162 557 1226 veniens
570 1180 636 1225 una
650 1167 751 1245 atque
767 1162 869 1226 altera
882 1179 1000 1224 rursus
1013 1159 1131 1242 hyems

248 1260 420 1325 Noctibus
434 1263 470 1326 in
483 1263 591 1344 longis
606 1262 742 1327 avidum
755 1265 939 1328 saturasset
953 1279 1111 1337 amorem,

290 1356 414 1426 Posset
428 1368 466 1427 ut
480 1363 623 1446 abrupto
638 1363 752 1427 vivere
766 1362 945 1447 conjugio:

249 1461 500 1555 Quodseibant
513 1464 634 1530 Parcae
647 1485 716 1528 non
725 1465 828 1547 longo
843 1469 989 1547 tempora
1004 1461 1137 1539 abesse,
1262 1460 1308 1525 85

289 1561 330 1627 Si
343 1564 439 1628 miles
452 1585 566 1629 muros
580 1565 667 1631 isset
681 1565 726 1630 ad
739 1565 875 1630 Iliacos.

204 1715 343 1772 nuspiam,
353 1725 404 1758 cum
414 1713 517 1760 mudum
527 1712 625 1760 uictimu
641 1711 759 1761 dminutu
776 1726 858 1760 cruore
876 1724 922 1760 suo
938 1713 1053 1774 plucusset
1063 1709 1128 1760 Deus
1142 1723 1248 1772 sepem
1281 1709 1308 1758 0

208 1773 355 1823 alamania
363 1775 441 1835 uirgo,
455 1776 516 1824 siluit
526 1781 647 1838 tantopere
657 1775 716 1824 miii
725 1775 759 1824 sit
768 1775 834 1824 cordi
844 1776 905 1838 quud
920 1789 1043 1836 perpurum
1058 1774 1108 1823 Dic
1116 1773 1199 1824 inuitis
1208 1772 1310 1835 uxipi·

206 1843 270 1886 utar.
314 1836 435 1892 Quantum
452 1839 542 1887 ulturiu
559 1839 664 1887 Manis
677 1853 752 1887 uucuu
770 1843 883 1900 expetunt
901 1838 1008 1887 denum
1025 1837 1154 1886 tuatim
1170 1835 1311 1898 munium

208 1901 295 1950 didicit
306 1902 398 1949 ademto
414 1901 460 1949 eiii
477 1901 574 1964 coniuge
590 1917 636 1950 sno
647 1902 786 1961 Mudumiu,
796 1916 848 1964 quse
859 1903 977 1964 compulsu
986 1907 1022 1950 est
1030 1901 1100 1964 prius
1108 1900 1241 1964 ueuplexum
1252 1901 1311 1948 noui

209 1965 251 2012 eui
260 1964 339 2026 spum‘
350 1965 464 2025 demae,
480 1980 550 2027 quum
561 1967 613 2015 duoe
624 1966 718 2028 ltyemes
728 1971 845 2027 upumtes
855 1979 898 2027 per
907 1979 963 2014 suus
977 1967 1060 2027 longus
1069 1969 1149 2014 noctes
1159 1964 1215 2028 ejus
1225 1965 1312 2012 ardea·

206 2031 254 2074 tem
263 2026 389 2075 sument
400 2042 510 2088 murem,
520 2033 548 2076 ut
559 2026 660 2076 facilins
672 2034 763 2092 postea
773 2030 864 2077 uuluet
875 2030 949 2078 situm
964 2031 1049 2078 duem
1058 2027 1171 2077 camno
1181 2028 1312 2076 dissoluto:

157 2122 160 2129 ·
207 2104 261 2140 cess
270 2089 426 2140 mavimenus
437 2091 575 2153 mouent
586 2093 672 2141 Purcoe
679 2107 726 2141 aon
733 2090 837 2152 dissere
846 2092 965 2143 uleemeas
974 2093 1158 2156 Protesilaum,
1166 2092 1189 2141 si
1198 2091 1312 2155 isblliucu

668 2201 851 2223 W

209 2281 288 2332 codd.
311 2288 340 2332 et
366 2283 426 2334 edd.
454 2285 589 2350 antiquiss.
618 2286 716 2351 [κερέα
736 2293 775 2350 ut,
795 2286 838 2336 vel
863 2286 962 2349 inceptu
982 2289 1016 2346 et,
1040 2284 1083 2334 vel
1100 2285 1207 2348 Accepta
1227 2285 1261 2346 et,
1283 2284 1313 2332 in

207 2345 281 2396 Sunt.
297 2346 374 2397 codd.
402 2349 525 2412 Inceptum
542 2351 569 2398 iu
593 2365 644 2400 uno
671 2353 747 2402 Voss.
770 2349 801 2399 ui
826 2351 926 2412 inceptu
949 2353 1017 2401 Stat.
1039 2350 1151 2412 interpr.
1173 2349 1247 2396 ‘uon
1269 2361 1313 2396 su-

207 2423 240 2459 ·ce
260 2409 311 2460 tat'
322 2411 349 2460 iu
360 2412 459 2476 Delph.
468 2413 608 2477 Acceptum:
627 2415 687 2465 Eld.
700 2415 770 2478 conj.
784 2416 910 2464 insessum.
943 2415 1018 2464 Lect.
1028 2420 1117 2462 nostra
1128 2411 1237 2461 debunt
1246 2411 1314 2460 Tus·

163 2484 167 2491 ’
208 2477 931 2608 ξιω’νίἱῖἳὶὲἕϋέἔῧῗέἒὸῖ’ῗὲιὲῴὲῗζὶῗᾶἲὶἱῗὲ·
946 2477 1018 2605 {iii
1031 2472 1315 2590 illlllltlllt

207 2602 255 2665 uni
266 2601 391 2666 deinceps
412 2605 497 2653 secuti
515 2612 575 2654 suut
594 2604 724 2667 editorem
744 2607 771 2654 in
788 2605 847 2654 ΑΜ.
864 2575 966 2667 Gryph.
976 2603 1046 2653 Stat.
1056 2610 1084 2653 et
1095 2601 1224 2652 nonnullis
1234 2600 1314 2651 codd.

208 2665 430 2716 affluunt-uu
446 2668 478 2716 Iu
497 2669 564 2717 Exc.
584 2669 659 2717 Peru.
669 2669 724 2729 jum
743 2682 791 2732 pro
801 2673 876 2733 ¹tuus:
894 2667 920 2715 iu
937 2667 1066 2716 nonnullis
1083 2666 1160 2716 codd.
1175 2665 1253 2714 aulide
1264 2679 1314 2727 pro

208 2730 351 2779 uulda-‘⁷⁸
369 2731 447 2784 Quum
467 2735 554 2780 temere
571 2732 640 2782 Scal.
659 2746 692 2780 ex
711 2733 769 2782 cod.
790 2745 845 2794 sno,
864 2730 933 2796 quod
955 2736 1085 2781 testantur
1094 2731 1171 2778 multi
1181 2728 1257 2778 codd.
1269 2743 1314 2791 up.

210 2793 350 2842 State—⁷9
368 2794 437 2848 Quod
451 2807 499 2856 pro
511 2796 588 2849 Quum
599 2795 625 2843 in
637 2795 752 2858 pluribus
763 2795 839 2845 codd.
852 2809 893 2856 ap.
901 2794 1069 2854 Samonium
1079 2793 1106 2842 in
1117 2793 1221 2843 Marcil.
1234 2806 1315 2842 mem-

209 2855 308 2916 branis,
318 2855 419 2904 duobus
430 2856 499 2906 Stet.
510 2864 537 2907 et
549 2873 565 2905 a
576 2872 657 2918 marg.
667 2859 737 2908 scal.
749 2858 806 2908 cod.
816 2858 925 2922 deficeret
932 2872 943 2915 ‚·
961 2858 989 2907 in
1007 2859 1090 2907 altato
1108 2857 1176 2906 Stat.
1192 2856 1295 2917 dissent
1304 2871 1317 2912 ,·

209 2917 239 2965 in
250 2918 334 2980 Rheg.
346 2924 374 2966 et
383 2931 435 2966 nuo
445 2920 522 2970 Voss.
532 2921 664 2986 deflueret,·
683 2922 710 2970 in
721 2922 850 2971 nonnullis
859 2923 999 2984 meret.-
1021 2923 1088 2970 Stat.
1100 2921 1170 2984 conj.
1181 2918 1295 2978 defecerit
1305 2933 1315 2975 ς

210 2980 353 3030 Marcilde
388 2987 447 3029 eret.
483 2984 557 3032 lueet.
573 2991 685 3032 nostram
698 2990 802 3033 servant
817 2984 957 3035 edd.vett.
972 2983 1317 3048 Ald.Junt.Gryph.ll1nr.

209 3044 279 3094 Stat.
290 3045 341 3093 Suu
352 3079 359 3093 .
369 3044 458 3094 Grau.
470 3046 567 3109 Delph.
584 3048 660 3096 Voss.
679 3049 758 3111 vulp.
777 3047 844 3104 ullae,
855 3063 915 3097 cnm
925 3049 1055 3098 nonnullis
1066 3047 1142 3098 codd.
1153 3063 1197 3111 ap.
1207 3047 1315 3095 Sunt.-

211 3112 242 3157 81
260 3108 293 3156 Iu
304 3109 372 3158 slat.
383 3107 459 3158 codd.
469 3111 545 3174 mult,
562 3111 688 3171 salevelt,
709 3112 751 3160 vel
762 3112 854 3169 sulum
874 3112 900 3160 iu
911 3111 971 3161 edd.
981 3118 1048 3161 vett.
1060 3117 1089 3160 et
1098 3111 1225 3160 tredecim
1236 3109 1315 3159 codd.

210 3187 253 3236 sp.
264 3173 337 3222 saut.
347 3183 446 3222 acuum:
468 3174 537 3224 Stat.
548 3175 618 3238 conj.
629 3176 759 3226 acui-84
776 3173 894 3224 Pussetet
904 3177 930 3224 in
947 3177 1010 3224 Dat.
1035 3173 1120 3224 Posset
1132 3174 1161 3224 ui
1172 3175 1270 3236 innupto
1281 3187 1316 3223 ex

211 3251 263 3286 uno
281 3237 340 3289 cod.
351 3237 462 3302 protulit
472 3240 632 3303 etprobavit
651 3240 788 3290 Vasa-85
805 3240 838 3289 In
855 3240 965 3290 Venett.
978 3239 1085 3289 vicent.
1097 3238 1276 3289 duobusstat.
1286 3242 1316 3286 et

707 3381 815 3433 NOTAE

246 3491 277 3537 ⁷5
295 3487 416 3551 Inceptum
426 3488 535 3551 ΜΝ]
569 3489 638 3542 Quia
648 3503 743 3552 nempe
782 3501 859 3552 quam
872 3486 939 3536 duos
956 3499 1035 3536 annos
1055 3488 1319 3554 cumspousotrans·

213 3568 313 3613 temere
322 3563 462 3613 Laudamia
476 3564 580 3614 domum
592 3566 657 3614 adiit
667 3581 744 3628 spon·
783 3563 890 3625 egisset.
917 3562 1010 3613 Solent
1017 3562 1086 3612 euim
1094 3561 1187 3611 Poeta
1195 3575 1244 3624 per
1254 3561 1319 3626 hye-

213 3637 245 3699 si,
256 3643 397 3701 antequam
410 3652 511 3687 sacrum
523 3653 570 3702 pro
581 3640 696 3703 conjugii
706 3639 745 3688 fe·
784 3653 848 3700 mes,
865 3640 907 3688 vel
926 3640 1005 3690 etium
1025 3646 1171 3702 autumnos,
1189 3646 1235 3688 ant
1253 3640 1319 3690 elias

212 3713 315 3764 licitate
331 3712 388 3762 lieri
405 3713 509 3761 solitum
521 3720 656 3776 peractum
667 3720 746 3772 esset,
785 3711 846 3761 euni
864 3719 1044 3777 tempestates,
1060 3726 1142 3763 anuos
1160 3713 1231 3777 ipsos
1250 3712 1320 3763 inte·

213 3790 301 3854 Dique
311 3788 425 3838 nondum
436 3794 526 3838 essent
537 3788 681 3852 propitiati.
787 3801 846 3852 gros
857 3787 1011 3851 significare.

210 3891 214 3896 ·
246 3861 455 3926 aestumanda]
478 3862 608 3926 Nemesis,
628 3864 689 3914 Dea
708 3865 747 3914 nl·
819 3868 851 3914 8³
869 3864 985 3915 Noctibus
994 3864 1022 3913 is
1031 3862 1120 3926 ungu]
1142 3863 1321 3929 Utputehye-

215 3943 268 3992 trix
280 3942 406 3992 scelerum
418 3946 446 3990 et
454 3937 660 3989 malefactorum.
786 3940 848 3990 muli
859 3947 988 4005 tempore,
999 3953 1051 4004 quo
1066 3938 1123 3988 dies
1140 3945 1202 3988 suut
1217 3938 1321 3990 brevio·

213 4040 216 4045 ·
247 4022 281 4067 ¹19
304 4017 393 4079 Jejuno
411 4016 467 4080 usu]
499 4015 532 4066 ln
552 4030 603 4082 qus
625 4015 746 4066 nonfuit
786 4028 837 4079 res,
846 4022 938 4065 noctes
949 4029 1011 4066 vero
1022 4012 1160 4078 longiores.

215 4092 455 4143 mactatuvictima.
533 4093 547 4126 -’
571 4116 575 4121 -
819 4093 850 4139 8⁶
869 4087 1148 4151 QuedwiiuntPeecoe]
1171 4087 1323 4140 Quianem·

225 4171 227 4175 ’
250 4170 282 4216 ⁸2
301 4167 355 4217 Usu
365 4172 436 4232 utque
452 4167 528 4220 alteru
540 4164 633 4232 tpems]
664 4165 746 4219 Ante·
786 4179 820 4230 pe
831 4165 858 4215 in
869 4163 931 4217 tutis
942 4171 1009 4230 erut,
1022 4170 1054 4216 ut
1072 4164 1117 4229 qul
1133 4164 1232 4230 primm
1243 4164 1321 4217 Gru·
