2774 4702
494 322 651 372 CARMEN
677 323 804 372 xxvii.

414 727 418 733 “
449 730 655 798 CARMEN
678 732 846 800 XXVII.

375 934 426 981 An
443 914 735 982 u'ocrnnnronnn
753 933 920 982 urrunnu.

227 1083 424 1148 Mrtrlsrnn
438 1083 556 1162 vetuli,
572 1103 665 1167 puer,
680 1083 825 1163 Falerni,

227 1185 325 1269 Inger
335 1185 382 1248 mi
396 1185 521 1251 calices
537 1188 731 1264 amariores,

227 1285 277 1359 Ut
288 1288 346 1353 lex
361 1287 567 1354 Postbumiae
578 1288 676 1374 jubet
688 1290 870 1372 magistrae,

228 1388 376 1454 Ebriosa
390 1389 490 1456 anim
503 1391 702 1458 ebriosioris.

127 1572 152 1621 0
168 1572 426 1635 famule‚ministrater
440 1576 527 1624 arteris
538 1575 645 1638 Falerni,
662 1575 760 1638 porrige
775 1572 836 1622 mitt
850 1573 933 1636 poeula
950 1573 1142 1638 emmim,
1158 1575 1196 1625 itu

91 1637 215 1700 capacia,
227 1641 254 1686 at
261 1638 372 1702 proedpit
382 1639 421 1688 tex
429 1639 575 1689 Prstbamioe
584 1640 715 1705 maginae,
725 1653 777 1703 qaue
787 1642 839 1689 erat
848 1637 961 1687 ebrientur
970 1637 1046 1687 seinte
1056 1638 1110 1688 virro
1120 1640 1196 1690 tata-

560 1781 742 1802 mm

127 1881 144 1926 8
162 1877 250 1940 lugere
268 1877 296 1927 in
314 1879 389 1929 codd.
408 1886 437 1930 et
454 1880 514 1931 edd.
531 1886 597 1933 rett.
624 1883 732 1943 Jnngere
748 1887 777 1930 et
795 1882 873 1942 Iugur
890 1879 915 1928 in
926 1881 1002 1929 Voss.
1016 1879 1045 1928 lt.
1071 1877 1197 1929 Heinsius

92 1939 171 1991 affert
187 1943 295 2004 dnagee
311 1944 368 1994 cod.
382 1945 534 1995 Britannico
545 1946 669 2009 Arcbiep.
679 1947 801 1995 Cantnnr.
829 1946 906 1994 Misce
916 1945 995 1994 insno
1004 1944 1103 1995 invenit
1115 1944 1196 1995 Dens.

95 2006 127 2054 F.
155 2007 229 2055 Leet.
240 2013 329 2056 nostra
339 2015 378 2058 est
388 2022 421 2057 er
433 2009 582 2075 conjectura
594 2011 752 2061 Mureti—t
768 2010 800 2059 In
812 2010 928 2061 omnibns
936 2010 1003 2060 Stat.
1015 2008 1090 2059 codd.
1099 2015 1127 2058 et
1136 2008 1197 2058 edd.

94 2071 294 2183 {eltrtwmssbn’osn
311 2072 396 2132 naim
417 2072 465 2123 sed
483 2073 553 2125 Gall.
565 2074 646 2126 Noet.
665 2073 723 2125 Att.
737 2087 788 2125 vrt.
807 2078 847 2124 20.
865 2073 1001 2138 legendnm
1014 2086 1070 2123 esse
1085 2073 1198 2135 monuit,

216 2150 294 2185 amna.

593 2296 704 2350 NOTAE

130 2431 144 2475 l
164 2425 274 2490 Fuitne]
290 2425 427 2478 Falernum
435 2428 533 2491 vinnm,
545 2445 628 2497 aquo·
668 2430 722 2483 Alii
732 2431 832 2493 legunt,
842 2427 916 2492 infer,
924 2426 994 2494 qued
1004 2441 1054 2477 nee
1065 2425 1197 2491 displicet.

96 2501 157 2551 darn
167 2502 316 2566 Campaniae
328 2505 432 2566 ngrusic
441 2505 551 2570 dietum,
560 2506 629 2558 iuter
668 2506 733 2568 Alii,
744 2507 822 2555 Misce
833 2505 866 2554 mi
874 2505 957 2554 estber
964 2503 1102 2565 amariores,
1113 2501 1139 2551 id
1150 2507 1199 2565 eet,

95 2576 183 2627 Italire
201 2580 549 2642 generosuvinaseeundum
562 2584 629 2634 obti·
667 2582 855 2633 ‘meraciorea’
977 2637 980 2648 s

94 2652 179 2702 nebat
200 2654 294 2704 locum.
332 2653 375 2705 Ad
397 2664 511 2709 ruentem
532 2658 629 2708 Catulli
701 2657 891 2720 renuente]
919 2653 1017 2706 Catulli
1039 2652 1199 2717 temporibus

96 2728 166 2779 dixit
184 2728 399 2782 Herat.11.8at.
419 2737 445 2785 8.
461 2733 629 2799 ‘veterisque
669 2732 721 2783 fuit
738 2733 857 2798 quaedem
875 2733 967 2783 mulier
986 2730 1153 2792 vinosissima,
1171 2733 1201 2780 et

95 2805 202 2856 Falerni
213 2807 290 2857 Mille
299 2807 388 2858 cedis!
421 2810 457 2861 Et
466 2809 629 2872 alibi,r.·0d.
670 2809 854 2872 ebriosissima,
865 2824 923 2874 quae
932 2805 1153 2873 computatoribus
1163 2805 1200 2854 te·

95 2887 138 2933 27.
156 2882 165 2910 ⁴
171 2884 257 2933 Vultis
270 2884 355 2934 severi
365 2900 407 2941 rue
414 2900 519 2959 quoqne
528 2903 630 2938 sumere
670 2901 703 2950 ge
722 2885 829 2939 bibendi
840 2901 855 2934 a
867 2900 895 2935 se
914 2887 980 2948 lata,
999 2891 1051 2934 tarn
1062 2896 1157 2946 magna
1172 2886 1201 2932 et

94 2960 208 3011 Partem
219 2959 342 3019 Falerni)
365 2960 435 3015 viat
444 2962 514 3012 euim
525 2970 631 3014 vetusta
670 2964 777 3029 capacia
787 2961 921 3015 indicebat
930 2963 1033 3029 pocula,
1045 2966 1076 3013 ut
1085 2973 1200 3011 amarunt

96 3035 269 3086 amaritudine
277 3036 630 3106 qnndaminfestautnr,‘qnoe
669 3038 740 3091 foret
751 3053 783 3090 ae
800 3037 906 3090 difficile
921 3053 954 3089 ea
969 3053 1019 3088 nne
1035 3038 1129 3087 baustu
1145 3035 1200 3087 ebi-

96 3112 223 3178 quidem‚'
235 3113 273 3163 nit
283 3114 385 3180 Cicero,
400 3116 564 3167 ‘amaritudo
576 3117 631 3180 pla·
670 3117 745 3169 bere.

96 3187 159 3240 cet!
190 3189 268 3240 Unde
287 3190 372 3241 Potite
390 3191 466 3256 dixit,
485 3193 631 3243 vetuli'Fa·
703 3195 777 3243 Juter
788 3192 922 3257 magistre]
939 3193 1049 3242 Veteres
1069 3191 1128 3242 tulis
1147 3205 1200 3241 ser·

94 3263 164 3315 terni
178 3264 318 3317 amariores
332 3281 390 3318 essa
406 3268 499 3321 calices
509 3275 538 3319 et
549 3275 632 3320 anate·
672 3270 815 3333 tiebautnr,
828 3268 885 3333 qnia
903 3283 919 3317 e
936 3267 1061 3330 convivis,
1076 3273 1200 3332 qnantum

95 3339 190 3404 riurer,
197 3339 335 3394 sintarine
345 3358 413 3408 equa
421 3359 472 3394 nun
486 3352 631 3409 temperau-
671 3346 781 3410 quisque
801 3343 854 3394 viui
872 3343 983 3404 biberet,
1001 3342 1202 3406 prescriptum

96 3421 149 3468 tur.
171 3416 240 3468 Plin.
251 3417 296 3468 lib.
305 3431 368 3471 ¹111.
385 3418 472 3471 ‘Vinn
484 3420 630 3484 primodnl·
671 3427 749 3484 esset,
757 3419 837 3485 etqui
849 3419 945 3482 primus
952 3420 1081 3468 Venerem
1087 3417 1202 3482 jecerat,

98 3493 148 3543 eia,
160 3493 341 3545 austeritatem
359 3495 433 3547 aunis
452 3496 593 3560 rccipiunt,
603 3501 632 3547 et
669 3499 692 3548 ir
711 3494 871 3560 ‘munimen'
881 3501 910 3545 et
925 3495 1002 3546 ‘Rex
1012 3493 1079 3546 vini'
1090 3486 1201 3546 vecaba-

99 3567 182 3618 rnbra
199 3567 282 3619 finnt?
326 3571 380 3620 Per
395 3571 480 3621 calices
495 3572 632 3634 amariores,
672 3579 723 3623 tur.
734 3561 833 3622 'Horat
845 3584 864 3620 r.
877 3570 931 3622 Od.
942 3576 966 3622 t.
976 3569 983 3597 ‘
993 3571 1139 3634 Neeregna
1147 3570 1201 3620 vini

99 3651 127 3694 et
137 3659 280 3709 meracum,
290 3652 318 3696 et
333 3653 408 3697 retus
422 3647 510 3699 vinnm
520 3648 632 3712 intelligi
672 3648 781 3699 sortiere
799 3646 876 3701 tdie’
910 3649 945 3697 Et
966 3646 1038 3711 alibi,
1056 3660 1087 3697 11.
1110 3645 1163 3697 0d.
1175 3649 1201 3695 t.

97 3721 162 3770 nibil
173 3721 276 3782 obstet,
292 3722 480 3790 longinquitate
491 3723 631 3775 enimtern·
671 3728 765 3789 ‘quem
782 3725 870 3774 Venus
881 3724 1008 3774 arbitrum
1018 3722 1100 3773 Dicet
1110 3720 1200 3771 biben-

98 3799 170 3862 peris
188 3798 276 3849 vinnm
291 3798 518 3850 ‘meracius'fieri
529 3799 631 3849 Macro·
673 3799 726 3851 dt?
751 3798 834 3850 Varro
850 3793 1133 3862 ‘Mudimperaturern'
1157 3807 1203 3856 ap·

98 3874 260 3925 biustradit.
525 3933 528 3937 ,
673 3876 771 3942 pelian
798 3876 910 3926 Plnntns
936 3867 1135 3929 ‘Dictatureml
1157 3866 1202 3932 qui

131 3956 148 4000 2
166 3949 253 4013 Inger]
272 3952 326 4002 Pro
343 3949 466 4016 ‘ingere'
481 3949 604 4014 ‘porrige
613 3949 631 4011 ;’
672 3954 744 4017 leges
755 3952 837 4004 debat
845 3951 878 4002 ad
888 3947 1039 4014 potandum.

98 4027 143 4090 mi,
159 4041 208 4091 pro
223 4027 319 4079 ‘mibi’
353 4027 430 4079 Unde
449 4031 479 4078 at
497 4025 632 4077 Nemesia-
702 4027 838 4079 tEbra'esu
859 4025 929 4076 wien
949 4017 1095 4082 ebriasieris]
1122 4017 1202 4069 Arina

98 4105 182 4154 nusin
192 4104 368 4170 cynegetiea:
384 4103 560 4171 ‘Castaliique
570 4101 632 4155 mihi
673 4103 741 4154 dixit
750 4104 777 4153 in
793 4101 935 4162 feminino,
945 4111 1006 4159 non,
1022 4095 1104 4155 «1δίΜὶ
1123 4109 1202 4160 quw·

102 4184 276 4248 nerapuenla
293 4180 373 4234 fontis
392 4178 634 4245 alnmnu,1ngerit.'
672 4193 749 4245 qnam
776 4178 840 4230 attae
866 4175 959 4227 mmet
985 4177 1078 4224 neutro
1105 4184 1201 4238 genere
