2774 4702
488 293 517 338 0.
543 291 699 338 VALllllll
724 291 887 341 caudam

355 433 529 498 Desertum
543 433 670 498 domini
685 433 823 499 audiens
864 430 868 440 '

396 534 614 599 concubinus
629 553 785 599 amorem.

353 635 410 700 Da
424 655 527 700 nuces
540 636 664 719 pueris,
678 636 766 700 iners

351 736 556 801 Concubine.
601 735 692 800 Satis
707 735 765 799 diu

351 838 668 906 Lusisti.uncibus.-
695 838 806 902 Lubet

350 937 570 1023 {Qservire
584 937 775 1022 Thalassio.
784 965 812 1005 :x

397 1038 590 1103 Concubine
603 1058 705 1103 nuces
720 1040 773 1103 da.
1174 1039 1241 1104 135

353 1140 537 1205 Sordebaut
551 1141 614 1204 tibi
629 1140 740 1206 villuli

137 1308 221 1353 renunt
237 1318 350 1368 mergere
366 1320 435 1355 neces
452 1305 541 1370 mer-is,
556 1306 673 1370 occipiens
687 1307 740 1356 lteri
750 1306 788 1355 sai
801 1305 926 1355 derelictos
936 1318 985 1354 ease
996 1304 1100 1353 delicias.
1134 1304 1158 1352 0
1169 1304 1242 1366 piger

37 1402 39 1407 -
136 1369 233 1424 dnaede,
249 1383 335 1430 sparge
351 1385 421 1419 nuces
436 1373 525 1433 pneris
557 1371 648 1420 Lusisti
661 1372 723 1420 satis
740 1372 827 1420 dudam
843 1369 952 1425 scribam
968 1385 1029 1417 nano
1046 1371 1122 1431 placet
1134 1368 1240 1418 domiuo

137 1438 182 1480 tuo
191 1431 309 1491 famulari
320 1434 451 1484 Thalassio.
485 1435 609 1485 Omstice
619 1435 717 1498 ciaoede,
734 1449 749 1483 a
766 1441 790 1484 te
807 1435 946 1496 negligetur
960 1433 1073 1482 badimor
1088 1438 1113 1481 et
1129 1432 1242 1482 materno

135 1621 217 1679 -τ129
234 1618 266 1667 In
276 1618 344 1670 stat.
352 1619 427 1670 codd.
455 1619 583 1669 Desertam
593 1619 672 1668 Deam
682 1621 789 1679 audiens,
798 1619 848 1678 vel,
857 1619 985 1667 Desertam
994 1616 1114 1666 dominam
1122 1618 1239 1668 audiens:

137 1682 388 1733 Statveroemend.
415 1683 542 1744 Desectam
559 1685 676 1733 dominam
695 1684 793 1732 audiens
817 1682 965 1731 concubinus
982 1695 1067 1730 amore.
1094 1681 1146 1728 ‘In
1164 1695 1241 1731 versu

136 1747 255 1809 sequenti
267 1762 314 1809 pro
326 1763 426 1797 amorem
437 1748 481 1796 alii
490 1749 582 1810 legunt
592 1761 681 1796 amores
688 1764 697 1804 ,-
716 1754 743 1796 at
754 1747 829 1795 Voss.
842 1746 898 1795 vult
907 1760 986 1795 amore
993 1760 1003 1802 ,-
1019 1759 1068 1793 nec
1080 1743 1241 1808 dubitamus,

156 1812 199 1859 uiu
210 1817 280 1860 recte
292 1811 400 1875 aliquls‘
410 1811 528 1860 desertus
540 1810 639 1860 amore'
659 1817 688 1859 ut
705 1811 842 1859 ‘desertus
855 1810 956 1858 amicis'
975 1809 1028 1857 dici
1043 1809 1132 1871 possit,
1142 1808 1189 1858 sed
1200 1810 1241 1860 sic

154 1888 202 1923 nre
214 1875 386 1937 supplendum
397 1881 438 1924 est
448 1889 472 1924 se
480 1891 490 1933 ,·
510 1876 590 1938 magia
601 1875 689 1939 placet
701 1875 771 1938 conj.
789 1874 840 1923 Ed.
860 1875 936 1924 Cant.
964 1875 1079 1923 Desertor
1088 1874 1182 1922 domim
1198 1888 1242 1922 ae·

136 1938 203 1986 diens
226 1939 373 1988 Coacabirms
390 1953 488 1998 amores,
508 1940 557 2003 vel,
575 1940 705 1988 Desertam
723 1940 817 1988 domino
834 1939 932 1987 audien
952 1937 1099 1986 concubinas
1116 1936 1240 1987 «madm’

136 2002 297 2051 Docte-186
313 2002 346 2050 In
356 2004 462 2052 Venett.
478 2004 553 2053 Brix.
573 2003 678 2052 Vicent.
689 2004 784 2052 Venet.
796 2018 838 2050 au.
850 2007 922 2052 1493.
935 2009 963 2050 et
979 2001 1038 2051 edd.
1051 2002 1119 2050 Mar.
1130 2007 1159 2059 et
1167 2001 1241 2052 Stat.

137 2064 269 2114 Sordebont
279 2066 325 2115 tibi
335 2067 434 2116 sillum
451 2067 519 2116 Stat.
531 2081 594 2116 vero
605 2081 655 2116 uon
667 2066 769 2131 profert
780 2067 855 2115 lectt.
868 2066 944 2115 codd.
955 2067 982 2115 iu
998 2066 1093 2115 ceteris
1104 2064 1166 2114 edd.
1184 2065 1242 2115 iere

139 2129 255 2189 omuibus
268 2129 329 2181 Ald.
340 2131 442 2194 Gryph.
460 2131 528 2181 Scal.
545 2132 620 2182 Voss.
639 2131 716 2182 Cant.
734 2132 814 2194 vulp.
827 2140 855 2180 et
865 2130 927 2194 Bip.
955 2129 1083 2179 Sordebom
1098 2129 1144 2177 tibi
1160 2129 1242 2180 cillica

633 2277 741 2329 NOTAE

171 2391 219 2437 130
245 2387 403 2453 concubinus]
436 2390 567 2441 Meritorii
585 2391 669 2454 pueri,
709 2385 1244 2454 puiclrritudineinsignemaglobo'llralas·

138 2463 157 2512 i.
177 2478 200 2515 e.
220 2465 347 2527 catamiti,
367 2466 460 2530 quibus
477 2467 590 2518 licenter
613 2475 669 2517 nte·
708 2461 1089 2530 aiicujusdamrnptamferunt3
1101 2461 1242 2528 institisque

139 2539 234 2589 bantur
245 2539 369 2606 Antiqui:
395 2556 454 2590 cnm
473 2557 489 2590 a
505 2543 575 2606 turpi
586 2541 668 2593 officio
709 2539 911 2602 sciscitantibus,
929 2539 1030 2588 cuinam
1048 2553 1104 2588 cam
1121 2526 1242 2601 ferrent,

138 2623 341 2678 removerentur,
352 2631 430 2667 nuces
443 2615 617 2682 spargebant,
642 2619 668 2668 id
709 2616 861 2678 identidem,
870 2629 903 2664 ne
915 2615 971 2678 quis
983 2629 1041 2663 eam
1053 2613 1242 2676 violarentur-

138 2698 188 2754 est,
209 2691 298 2741 ludum
326 2691 453 2756 pueritiae,
474 2698 504 2741 ut
523 2692 669 2743 indicarent
709 2692 787 2742 lassio
806 2690 882 2758 ferri,
905 2689 1086 2739 clamitatum!
1130 2691 1191 2742 Qua
1207 2689 1241 2739 da

138 2766 222 2816 omnia
238 2782 266 2816 se
283 2767 392 2830 puerilia
412 2769 553 2829 aspernari.
584 2769 669 2819 ‘Con
708 2767 788 2817 caiisa
797 2759 888 2816 vdcem
898 2766 965 2814 banc
979 2764 1121 2828 nuptialem
1133 2756 1242 2826 factam,

138 2840 255 2890 rubinas'
277 2847 304 2889 et
329 2839 442 2903 ‘pullos'
468 2842 537 2905 apud
556 2842 669 2892 Veteres
708 2849 737 2892 et
749 2842 782 2891 ad
794 2850 913 2906 posteros
924 2840 985 2890 inde
996 2854 1122 2902 manasse,
1136 2830 1243 2892 Plutar-

140 2927 187 2976 pro
214 2913 374 2966 ‘catamito’
406 2914 552 2968 dicebatur.
600 2916 669 2966 Vide
708 2919 770 2967 clius
780 2917 861 2966 etiam
871 2922 969 2966 censet.
1002 2915 1142 2966 Nonnullis
1153 2923 1241 2965 tamen

139 2989 213 3037 Fest.
709 2993 742 3041 ad
767 2991 905 3041 lanificium
926 2991 996 3041 vocis
1018 2991 1092 3054 liujus
1113 2990 1242 3059 originem

172 3066 219 3112 133
241 3063 333 3113 Lusisti
349 3064 456 3128 nucibus]
491 3062 590 3116 Pueros
608 3067 669 3120 olim
708 3080 863 3131 causamque
874 3066 1035 3116 referendam
1046 3080 1103 3114 esse
1119 3066 1240 3128 videtum

140 3139 252 3202 ephebos
268 3139 375 3189 nucibus
394 3141 485 3191 indere
504 3144 669 3193 consuevisse
707 3143 734 3191 ln
744 3158 795 3208 qna
805 3141 1023 3192 senteutiafuisse
1031 3141 1177 3191 Varronem
1188 3149 1241 3192 tes-

140 3220 252 3264 teatatnr
270 3215 347 3264 ctiam
359 3217 473 3266 Martiai.
490 3217 499 3244 ‘
509 3216 576 3267 Alea
589 3232 669 3281 parva
709 3223 781 3267 tatur
802 3201 927 3356 Festus}
948 3216 1177 3279 ‘Thalassicnem,’
1203 3218 1243 3283 in·

140 3297 327 3354 buces,etnon
339 3291 462 3342 damnosa
474 3291 669 3357 videtur,Soepo
709 3294 776 3357 quit,
797 3293 843 3341 ‘in
865 3308 897 3340 nu
919 3292 962 3342 tiis
980 3293 1063 3343 Varro
1083 3293 1121 3342 ait
1140 3293 1241 3358 siguum
1263 3328 1271 3337 .

141 3373 229 3435 tameo
237 3368 311 3432 pueri
323 3368 437 3432 perdidit
447 3368 492 3417 ilia
503 3367 593 3419 nates!
617 3369 669 3418 Sex
710 3382 766 3416 esse
793 3366 908 3418 lanificii.
951 3367 1242 3421 Thalassiouem'eaim

139 3450 229 3509 autem
246 3444 321 3507 iudos
340 3459 433 3498 nucum
454 3445 522 3508 apud
541 3444 670 3509 Antiquos
710 3443 838 3493 vocabant
859 3443 1005 3507 quasillum,
1027 3445 1072 3508 qui
1090 3443 1143 3494 alio
1164 3443 1249 3495 modo*

140 3517 230 3579 fuisse,
240 3531 273 3568 cx
284 3518 375 3582 Elegia
385 3519 418 3569 do
430 3521 504 3570 Nuce
514 3520 583 3584 apud
594 3520 672 3572 Ovld.
711 3519 858 3582 appellatur
868 3514 992 3582 eulalius,
1012 3519 1062 3568 vas'
1074 3520 1165 3584 utique
1175 3519 1242 3570 laui-

141 3592 325 3654 comperimus.
710 3593 776 3642 ficiis
787 3594 894 3656 aptum?
928 3594 1037 3644 Constat
1053 3594 1141 3645 autem
1160 3595 1243 3646 lanifi-

173 3671 221 3718 134
240 3668 371 3732 llmlassio]
402 3668 672 3733 Thalassius,3'l'haias-
711 3669 757 3718 ciis
777 3669 874 3733 priscas
891 3679 1022 3720 matronas
1041 3670 1117 3720 valde
1139 3671 1243 3739 deditas

140 3749 231 3806 sus,ct
245 3744 374 3792 Thalassio
391 3743 535 3792 dicebatur.
559 3733 671 3815 'l'lhalas-
710 3744 1001 3810 fnisse,praecipnamqu
1038 3746 1077 3795 his
1095 3760 1194 3811 curam,
1212 3755 1243 3798 et

140 3819 237 3870 sionem
248 3821 274 3869 in
283 3820 366 3870 Festis
376 3819 543 3882 Nuptialibus
554 3820 670 3885 Romani,
709 3836 814 3887 operam
826 3823 990 3886 impendisse.
1004 3760 1136 3947 &demite
1153 3830 1242 3874 autem

141 3897 247 3947 sicotet
286 3896 345 3946 raeci
358 3910 431 3945 suum
447 3895 620 3957 Hymenaeum
632 3897 669 3946 in·
707 3899 848 3962 Thalassio,
865 3899 936 3948 idem
952 3907 1002 3963 est,
1032 3899 1244 3950 cconstautile-

141 3972 256 4023 vocaban
281 3971 371 4037 42Qnod
379 3986 412 4021 ex
424 3985 455 4021 eo
466 3970 603 4021 inolevisse
611 3986 669 4023 auc·
708 3977 849 4041 gitimoquc
869 3977 908 4025 uti
930 3967 1103 4041 matrimonio,
1119 3990 1171 4026 nec
1187 3991 1242 4028 am·

142 4026 670 4113 torestmvlus,quodinsabinarumrap-
708 4053 775 4116 plius
786 4052 898 4101 cinaedos
908 4052 1013 4100 sectari.
1117 4104 1120 4109 ,

142 4127 179 4184 tu,
196 4123 296 4172 ‘Unam
307 4120 383 4189 longe
394 4129 456 4174 ante
464 4122 528 4173 alias
539 4124 627 4189 specie
638 4139 669 4176 ao
687 4156 691 4161 -
742 4131 789 4176 136
798 4127 927 4177 sordebant
936 4118 1154 4191 [merulanum]
1164 4126 1243 4178 Nunc
