2774 4702
32 396 42 415 .
146 316 189 388 12
592 342 796 393 numanum.

144 483 193 565 (p.
207 480 305 548 2676.
328 478 484 569 Putscb.)
506 487 734 551 testimonium
750 485 865 558 arida·
890 487 1054 554 illustrare
1073 480 1243 553 'debebant

68 579 70 584 '
143 588 175 644 e.
189 582 239 666 gr.
264 583 376 649 Carm.
400 601 520 649 xovrr.
535 587 568 651 6.
587 607 607 651 e
623 587 717 654 Festi
735 587 810 654 loco
833 606 915 653 xrv.
941 610 974 674 p.
989 590 1064 655 35⁶3.
1102 589 1189 653 Dae.
1205 594 1242 653 et

143 679 252 746 Canu.
268 700 319 748 ru.
330 685 385 750 26.
400 686 463 763 27.,
475 688 651 770 genuinam
663 687 834 754 lectionem
849 690 977 755 firmare
988 697 1072 757 teste
1086 689 1243 756 Charisia

105 862 107 866 y
142 781 266 862 (Instit
279 785 393 851 Gram.
409 803 466 851 111.
481 809 514 871 p.
529 788 605 852 223.
619 788 651 853 1.
662 789 717 853 41.
733 787 901 875 Putsch.),
911 797 953 861 ¹et
968 791 1018 856 sic
1033 791 1111 857 alia.

144 918 149 923 ·
187 886 320 953 Deinde
345 888 541 967 Metrorum,
559 891 682 972 quibus
704 910 787 956 usus
809 900 863 957 est
884 892 1052 970 Catullus,
1076 893 1241 967 Numero·

11 1017 13 1022 ·
141 1002 280 1071 rumque
301 992 388 1056 ratio
409 992 571 1056 nonsatis
594 997 747 1057 accurate
769 992 886 1058 habita
902 999 953 1058 est
976 996 1019 1058 ab
1035 992 1241 1070 Editoribus,

141 1094 177 1153 et
190 1091 394 1172 quaestiones
406 1094 472 1157 buc
495 1099 686 1176 spectantes
700 1094 735 1158 iu
750 1094 900 1176 pluribus
914 1094 999 1158 locis
1013 1095 1124 1176 inepte
1146 1092 1242 1158 insti·

141 1195 236 1258 tutte.
281 1191 366 1257 Inde
380 1213 460 1258 vero
475 1200 581 1276 patet,
597 1195 654 1277 qui
666 1194 793 1258 factum
809 1195 864 1272 sit,
879 1200 916 1259 ut
930 1214 1045 1260 versus
1060 1214 1127 1259 nou
1141 1195 1243 1278 pauci

140 1286 252 1356 adhuc
264 1292 415 1375 legantur
431 1294 484 1359 vel
509 1297 600 1359 omui
621 1297 716 1360 metri
738 1316 896 1363 mensura
920 1301 1090 1380 expertes,
1105 1296 1159 1359 vel
1178 1314 1240 1359 no·

72 1402 75 1411 ¹
139 1386 228 1455 mine
238 1399 341 1458 tautae
351 1394 499 1460 licentiae
510 1394 673 1473 excusati,
684 1395 781 1479 cujus
793 1399 924 1480 culpam
938 1416 1038 1460 nemo
1047 1396 1240 1461 Latinorum

139 1490 320 1559 Poetarum
346 1497 559 1562 contraxerit.
604 1498 721 1563 Habet
750 1497 877 1562 Noster
902 1499 1058 1582 quaedam
1084 1497 1239 1581 propria3

59 1610 61 1613 ·
138 1608 182 1659 ue
196 1600 308 1660 tamen
331 1599 497 1677 existima,
512 1600 712 1682 negligenter
733 1595 808 1662 eum
831 1597 1074 1682 conscripsisse
1097 1597 1240 1680 plurima

138 1693 308 1761 Carmina.
352 1698 441 1776 Quae
471 1701 564 1784 apud
591 1700 677 1764 alios
698 1700 910 1782 negligentiae
932 1699 1064 1762 nomine
1087 1699 1171 1762 alias
1194 1700 1238 1763 ob

139 1810 261 1862 causas
276 1806 437 1883 suspecta
458 1808 547 1878 sunt,
564 1802 655 1883 apud
670 1799 833 1864 Nostrum
849 1804 924 1866 sunt
946 1803 1149 1864 avoluntate
1163 1820 1240 1884 pro-

138 1893 236 1975 fecta,
257 1919 357 1964 neca
372 1900 480 1965 Poeta
499 1900 745 1966 inconsiderato
764 1901 953 1967 commissa.
976 1893 978 1897 ’
998 1900 1238 1979 Severioribus,

138 1991 175 2061 ni
190 2004 282 2063 totus
295 1995 413 2080 fallor,
427 2003 574 2067 metricis
589 2002 719 2084 legibus
734 2023 868 2086 semper
884 2021 921 2066 se
937 2002 1102 2078 astrinxit,
1124 2008 1159 2063 et
1181 2020 1241 2065 ex-

138 2099 249 2184 empla
261 2100 459 2167 Graecorum
473 2105 521 2167 ita
535 2103 682 2167 imitatus
704 2109 766 2181 est,
782 2110 823 2167 ut
837 2123 881 2167 ex
897 2104 939 2168 iis
962 2105 1124 2184 reciperet
1139 2102 1239 2168 etiam
1307 2139 1312 2149 ·

138 2200 306 2279 licentias,
330 2224 408 2286 quae
429 2224 494 2268 uon
519 2205 562 2269 ad
585 2205 744 2269 seriorum
767 2205 945 2269 Poetarum
968 2203 1125 2267 Carmina
1148 2204 1240 2286 exigi
1315 2204 1318 2211 '

137 2297 265 2367 debent.
308 2304 434 2370 Versus
449 2325 529 2370 suos
538 2326 603 2370 non
618 2305 837 2370 conformavit
847 2307 890 2368 ad
903 2305 1006 2387 leges,
1018 2323 1104 2387 quas
1120 2302 1239 2370 Poetae

51 2416 54 2421 ’
137 2409 268 2486 postea,
279 2424 355 2468 cum
369 2424 424 2469 ars
435 2405 507 2490 jam
523 2407 702 2489 perfectior
716 2405 809 2470 facta
824 2412 927 2482 esset,
943 2408 1051 2469 secuti
1068 2413 1166 2486 sunt;
1189 2410 1238 2469 at·

136 2507 249 2568 tamen
263 2508 418 2571 versibus
432 2527 497 2571 uon
511 2508 604 2571 deest
617 2506 794 2589 elegantia,
807 2506 896 2590 quod
913 2506 996 2569 adeo
1011 2526 1054 2568 ex
1069 2507 1112 2569 iis
1126 2508 1239 2584 rebus,

138 2623 215 2687 quae
243 2608 392 2672 minutiae
422 2608 585 2685 videntur,
603 2608 817 2691 intelligitur.
871 2607 920 2670 Ut
949 2625 1062 2688 pauca
1090 2605 1239 2683 afferam,

138 2702 261 2771 Graeca
282 2708 438 2791 exempla
460 2716 610 2786 secutus,
632 2727 802 2791 nusquam
826 2706 978 2769 duritiem
1001 2704 1158 2780 admittit,
1171 2725 1239 2787 qua

136 2807 268 2888 syllaba
282 2808 390 2870 brevis
414 2812 490 2870 ante
507 2806 622 2869 literas
638 2823 681 2868 su
701 2806 790 2869 alius
809 2805 900 2867 verbi
914 2811 1066 2886 ponatur.
1112 2804 1240 2869 Elisio*

133 2907 262 2970 nemin
277 2906 484 2971 Pentametri
499 2925 644 2982 caesura,
657 2910 692 2969 et
706 2905 742 2968 in
757 2904 821 2967 fine
835 2904 1000 2968 vocabula
1019 2907 1116 2969 trium
1139 2907 1239 2990 sylla·

136 3008 255 3072 bamur
276 3027 398 3092 ponere
421 3008 520 3086 solet,
538 3012 715 3090 utrumque
727 3005 935 3078 =auctoritate
949 3003 1156 3084 Graecorum,
1171 3025 1241 3088 qua

136 3109 242 3173 multa
272 3109 372 3192 hujus
399 3108 530 3192 generis
560 3107 650 3191 apud
687 3104 860 3171 Catullum
895 3106 1052 3169 excusari
1088 3111 1239 3188 possunt.

136 3206 308 3287 Quantum
335 3229 414 3275 vero
439 3211 593 3276 relietum
620 3210 664 3275 sit
692 3208 806 3273 studio
833 3226 873 3271 ac
897 3225 985 3270 curae
1014 3207 1239 3292 sospitatoris

136 3309 271 3376 Catullo
284 3312 465 3396 aliquando
481 3311 684 3389 subventuri,
696 3318 734 3375 nt
747 3311 848 3373 etiam
863 3309 906 3372 ad
920 3307 1145 3389 rhythmorum
1161 3326 1239 3390 pro-

135 3413 309 3497 prietatem
323 3419 496 3479 rerocetur
507 3411 629 3491 Poeta,
644 3413 679 3475 id
692 3411 792 3476 facile
807 3408 967 3492 cognosci¹
979 3412 1089 3488 potest
1104 3426 1148 3470 ex
1162 3407 1240 3471 hor·

136 3512 249 3578 randis
273 3515 484 3591 lectionibus,
499 3533 577 3599 quae
592 3515 629 3578 in
651 3512 804 3597 pluribus
820 3508 1031 3574 Carminibus
1055 3507 1163 3572 adhuc
1188 3508 1239 3572 of·

136 3613 275 3679 tendunt
289 3633 398 3693 aures,
412 3620 451 3679 ut
466 3615 630 3698 Scaligeri
645 3609 1062 3685 usmlituutr'sCarm.xv11.
1078 3609 1109 3672 3.
1122 3606 1240 3671 meler-

136 3713 204 3780 rule
219 3706 328 3781 Carm.
339 3731 513 3781 xxxvnr.
527 3716 559 3780 2.
597 3713 689 3778 Arane
702 3736 779 3778 sana
794 3708 1237 3775 illocarm.xn1.l.uxrv.

136 3818 212 3883 178.
234 3822 268 3882 et
293 3817 382 3882 aliae.
425 3815 515 3881 Vide
540 3815 716 3882 Ahlwardt
739 3814 832 3879 Attis
858 3811 919 3874 des
945 3810 1019 3874 Cat.
1046 3809 1091 3873 ad
1113 3829 1165 3874 vs.
1180 3811 1236 3875 35.

133 3924 172 3984 et
184 3919 228 3984 al.
741 3912 747 3927 “

137 4038 140 4043 ·
182 4018 422 4086 Imitandorum
437 4017 636 4097 Graecorum
660 4017 808 4082 studium
828 4010 965 4077 Catullo
981 4030 1058 4075 cum
1078 4011 1238 4077 omuibus

137 4120 205 4187 fere
221 4120 352 4190 Ietinis
365 4118 486 4189 Poetis
501 4128 572 4188 erat
588 4138 771 4186 commune.
815 4115 902 4179 Sunt
917 4112 1084 4190 Carmina,
1100 4130 1178 4193 quae
1193 4113 1239 4179 ad
