2774 4702
139 290 184 356 92
490 309 522 356 c.
545 307 704 358 vsnnnn
729 308 894 359 crunnus

227 451 312 551 Cum
327 452 369 517 de
384 451 441 518 via
454 452 573 519 mulier
586 469 668 519 ares
683 453 832 520 ostendit
847 453 1044 521 oscitantes:
1218 455 1241 518 5

226 554 374 620 Remitte
388 554 528 639 pallium
541 555 623 620 mihi
636 575 758 635 mcum,
774 555 864 639 quod
877 556 1045 636 involasti,

136 735 238 796 pestate,
246 730 287 781 uli
297 744 360 783 eoeec
370 730 442 782 morit
447 731 551 797 procella
559 745 614 782 aces
623 731 723 783 ostendit
734 731 868 782 oscitantes.
900 731 982 782 Redde
992 730 1062 798 milri,
1073 745 1088 782 o
1098 732 1181 799 stalle,
1190 735 1242 798 pol·

598 860 779 881 mm

139 957 202 1007 sella
209 972 219 1016 ,·
227 956 254 1006 in
263 955 327 1022 aliis,
335 956 433 1006 tinnula
442 959 579 1008 mollicellas
596 958 669 1008 Lect'.
679 963 767 1008 nostra
777 956 889 1008 debetur
897 957 1085 1021 scaligero-5
1099 959 1132 1009 In
1142 960 1239 1011 Dresd.
1249 968 1255 979 '

140 1028 168 1083 at
179 1022 308 1072 nonnullis
325 1023 392 1074 Stat.
408 1022 483 1073 codd.
513 1023 592 1080 Quom
610 1025 664 1072 dicu
675 1023 759 1072 mulier
769 1037 841 1080 acen
862 1023 889 1071 in
901 1022 959 1073 cod.
971 1024 1052 1073 Guar.
1070 1025 1162 1074 etaliis
1173 1027 1241 1077 Stat.

142 1085 204 1135 Cum
213 1087 268 1135 deu
277 1086 362 1136 multer
372 1085 444 1135 alies:
462 1087 488 1135 in
507 1087 593 1136 Pelet.
612 1087 673 1136 Cam
689 1086 745 1135 dico
758 1087 842 1135 Mulioe
853 1101 935 1136 nuces:
954 1087 1037 1144 Gaas.
1049 1089 1080 1139 P.
1091 1089 1158 1154 conj.
1180 1090 1241 1142 Crem

138 1150 194 1199 dira
204 1151 277 1199 marie
294 1151 376 1214 leperre
386 1165 448 1215 cres,
466 1151 536 1216 quod
554 1151 656 1214 recepit
674 1150 774 1214 Gryph.
786 1155 810 1200 2.
825 1150 894 1200 idem
905 1151 987 1201 Gnar.
997 1158 1025 1202 et
1035 1151 1084 1202 hoc
1096 1153 1241 1217 proposuit,

141 1215 202 1263 Germ
212 1214 267 1264 dian
277 1216 361 1266 »mlier
370 1215 493 1274 ancem
504 1216 570 1264 Stat.
583 1216 643 1264 Cum
653 1213 710 1264 dioc
719 1219 797 1264 muter
806 1215 876 1263 alites
887 1230 909 1264 e.
920 1216 1063 1270 occineotcs:
1084 1231 1130 1281 pro
1138 1217 1242 1267 orcitma

139 1282 184 1340 tes,
194 1278 249 1328 sive
258 1279 389 1330 attinentes
399 1279 491 1330 Faern.
502 1276 580 1329 offert
589 1279 726 1342 manentes,
735 1285 763 1328 et
773 1280 810 1328 sic
821 1279 886 1342 legit
897 1280 1037 1330 Livineius.
1063 1281 1137 1332 Voss.
1148 1296 1164 1330 e
1176 1282 1242 1332 lect.

139 1340 228 1392 Palat.
239 1341 349 1408 effingit,
359 1344 438 1400 Quom
447 1343 530 1393 cliviae
541 1344 681 1393 Maleaaeee
686 1359 697 1401 ,·
707 1343 776 1393 unde
786 1343 876 1394 Heius.
897 1345 957 1393 Cum
967 1344 1058 1394 Cliniae
1069 1345 1147 1395 Malea
1157 1360 1211 1395 cess
1218 1361 1242 1398 o.

138 1419 194 1457 arce
204 1411 297 1475 πωπω,
306 1409 358 1475 vel,
369 1409 429 1458 Cum
439 1408 518 1459 deeius
527 1408 853 1460 montemontano.
872 1409 944 1460 Lect.
954 1414 1042 1460 nostra
1049 1409 1160 1461 debetur
1168 1410 1243 1476 inge-

635 1555 746 1608 NOTAE

170 1677 674 1744 tcumdeoicmalier[dircnmriellyema]
710 1693 768 1744 qua
787 1678 848 1728 dnm
866 1678 982 1729 ostendit
999 1683 1027 1728 et
1045 1676 1112 1728 fecit
1126 1693 1168 1730 me
1179 1693 1242 1730 con·

137 1755 233 1805 Nullus
242 1753 296 1804 fere
303 1755 398 1805 Catulli
404 1755 475 1806 locus
483 1755 612 1804 medicam
618 1768 673 1803 ma·
712 1755 779 1805 verti
790 1755 823 1804 ad
839 1756 902 1806 allos
913 1757 1052 1807 oscitantes
1063 1755 1090 1806 in
1101 1771 1200 1822 somno,
1212 1765 1244 1808 tu

137 1844 200 1880 mrm
211 1829 445 1894 maglsdesiderat.
477 1833 534 1881 Nos
547 1832 673 1881 verolec·
710 1828 811 1881 furatus
832 1846 859 1880 es
879 1833 987 1896 pallium
1006 1846 1100 1883 meum.
1133 1831 1188 1883 Alli
1206 1835 1244 1885 le·

137 1905 237 1954 tionem
247 1905 323 1968 hanc,
334 1920 393 1970 qnae
408 1905 488 1956 metri
498 1911 600 1956 servata
611 1906 672 1956 rati·
711 1913 784 1973 gunt,
793 1909 854 1958 Cum
864 1910 920 1958 dica
927 1908 1021 1971 mrdter,
1031 1908 1075 1958 alii
1085 1909 1141 1958 dim
1150 1915 1241 1970 mater,-

137 1994 189 2030 one
201 1995 303 2030 sensnm
315 1981 395 2031 etiam
404 1982 595 2046 expeditiorem
604 1987 633 2031 et
643 1997 670 2030 a·
709 1990 737 2035 et
748 1984 804 2034 haec
815 1985 849 2034 ad
869 1985 1019 2048 Halcyones
1038 1982 1184 2035 referentes
1203 1985 1243 2036 sie

137 2057 670 2125 pertioremexhibet,oorrectioressecuti
709 2061 930 2125 interpretantur:
950 2059 1244 2126 mmdmmntemm,

138 2133 416 2189 codicesretinuimus.
438 2137 564 2202 Scaliger,
573 2137 624 2188 etri
636 2137 669 2188 da
708 2143 792 2202 mater,
814 2137 950 2201 Halcyone
978 2137 1088 2201 scilicet,
1111 2143 1169 2203 qnae
1190 2137 1245 2190 fuit

136 2210 255 2262 hocloco
266 2213 328 2278 quid
345 2219 446 2264 statuat
461 2228 513 2264 non
529 2214 617 2278 lrabet,
632 2214 669 2265 le·
709 2215 769 2272 clim
779 2211 1020 2278 mulier'generosa,
1027 2213 1054 2271 in
1065 2227 1140 2262 avem
1152 2221 1246 2278 postea

137 2288 250 2351 gendum
261 2295 348 2338 tamen
359 2303 417 2340 esse
427 2290 589 2354 pronuntiat,
607 2291 669 2341 Cam
709 2294 819 2353 mutata,
839 2289 943 2339 odeadtt
960 2303 1015 2338 cece
1031 2288 1168 2348 anantes,
1184 2287 1202 2338 i.
1219 2305 1245 2342 e.

137 2365 313 2430 deciamalier,
319 2367 425 2432 vultque
432 2366 669 2432 quamlibetsagam
709 2367 795 2431 pullos
806 2370 873 2417 ‘snos
890 2365 977 2415 cibum
995 2370 1161 2429 appetentes,
1173 2367 1244 2432 qnod

137 2440 288 2507 significari,
299 2457 356 2508 qnae
366 2446 534 2493 mordenda
543 2444 670 2513 oscitanter
708 2441 808 2504 signnm
827 2447 867 2492 est
885 2441 943 2489 illos
958 2440 1015 2504 jam
1031 2439 1244 2504 educatosesee3

138 2522 333 2585 tempestatem,
349 2524 395 2570 aut
405 2519 477 2570 aliud
489 2519 591 2584 quidvis
602 2533 670 2583 prae·
709 2532 770 2568 nam
787 2517 849 2567 dum
869 2515 1026 2580 educantur,
1041 2530 1142 2566 summa
1153 2525 1204 2568 'est
1215 2519 1244 2568 in

138 2595 234 2660 sagire.
259 2594 424 2660 Aliilegunt,
438 2597 498 2646 Cuia
511 2595 671 2646 dicernelier.
710 2592 777 2643 mari
800 2591 984 2657 tranquillitas,
1005 2592 1046 2642 uti
1066 2590 1150 2643 refert
1171 2593 1243 2645 Plin.

137 2669 327 2736 Alii,0asrrdr‘a
344 2673 431 2722 multer
449 2673 557 2722 lacem
570 2670 671 2737 offemit
710 2671 756 2721 lib.
776 2685 804 2721 x.
823 2685 881 2735 cap.
898 2675 938 2720 la.
967 2671 1003 2720 Et
1024 2669 1062 2718 sic
1082 2670 1245 2735 Halcycnios

136 2748 272 2811 andater,
282 2749 541 2814 voluntqueintelligi
550 2749 671 2813 perdica,
711 2746 766 2797 dies
778 2745 936 2810 praeteriisse
951 2758 999 2809 per
1013 2744 1194 2796 circuitionem
1203 2748 1245 2797 in·

137 2824 343 2886 mndiasrsslier,
361 2825 498 2883 Helenam,
516 2839 574 2889 qna
589 2831 671 2873 mete·
711 2820 823 2885 dicatur,
850 2835 996 2886 sanamque
1016 2821 1161 2877 ,imminere
1184 2823 1244 2888 jem

129 2897 178 2949 'ert
189 2897 290 2962 species
301 2904 343 2948 ert
358 2897 463 2948 inimica
480 2896 671 2960 navigantibus,
710 2897 987 2960 maristempsstatcm.
1006 2895 1245 2962 magensem

138 2979 168 3023 et
178 2986 227 3038 per
237 2973 352 3036 hanes,
363 2973 444 3038 ipsius
462 2971 568 3036 fratres,
580 2973 671 3036 Casto·
702 2971 766 3022 'dico
776 2976 863 3036 muter,
873 2978 1060 3041 exponnatqae
1070 2973 1104 3024 de
1112 2974 1249 3043 'l'ethyde,

139 3063 197 3099 rem
210 3053 239 3098 et
257 3049 404 3112 Pollucem,
417 3049 461 3115 qni
472 3048 568 3111 nautis,
584 3054 616 3097 ut
632 3047 670 3098 ait
708 3047 735 3097 id
756 3054 807 3112 est,
826 3049 908 3110 mari;
931 3048 1000 3113 quod
1019 3047 1140 3101 nimirum
1161 3064 1246 3118 mare,

138 3125 279 3190 Horatius,
296 3124 405 3190 propitii
425 3131 504 3185 sunt;
529 3130 560 3174 nt
581 3138 670 3173 sensns
710 3137 756 3174 sen
779 3138 847 3190 aqna
864 3124 1021 3188 principium
1041 3124 1076 3178 sit
1096 3135 1245 3179 ceterarum

139 3202 191 3252 tite
210 3201 276 3252 cum
296 3200 399 3251 Helena
414 3201 523 3266 offerat,
534 3199 561 3249 id
573 3205 622 3264 est,
631 3200 670 3248 in·
710 3201 822 3251 omnium
843 3215 937 3252 rerum.
980 3201 1025 3252 Sic
1045 3203 1126 3254 sensit
1149 3204 1246 3273 thales

138 3276 320 3329 renltt‘ratres
331 3291 390 3328 snos
408 3276 619 3328 lacedemonios
633 3274 671 3339 pi·
710 3277 844 3339 Milesius;
865 3277 902 3326 sic
921 3282 951 3327 et
966 3277 1113 3329 Homerus:
1131 3277 1247 3334 ’nrm

138 3369 200 3420 gros
221 3360 250 3405 et
267 3354 372 3418 otiosos,
384 3354 423 3405 ita
440 3359 470 3403 nt
487 3350 670 3418 navigantibus
710 3357 802 3404 ποσῶν
812 3353 914 3419 γένεσιν,
924 3351 1062 3419 καὶμητέρα
1069 3353 1154 3416 ηοω.
1188 3358 1247 3412 Am

136 3431 244 3482 minime
255 3432 363 3496 prosint,
374 3435 404 3482 et
418 3431 476 3496 ipsa
487 3430 614 3481 eaevitiam
625 3444 670 3479 ex·
710 3445 759 3494 per
777 3430 834 3480 dien
855 3431 940 3480 mulier
962 3430 1171 3494 interpretantur
1194 3430 1246 3487 Ju-

139 3513 237 3558 erceat.
270 3509 348 3560 Quod
359 3508 438 3558 etiam
450 3507 604 3558 auctoritate
616 3501 670 3556 Ho-
709 3521 812 3570 nonem,
831 3506 848 3557 i.
865 3521 889 3556 e.
911 3505 1008 3569 serem,
1030 3506 1106 3571 cujus
1126 3507 1247 3573 inprimis

137 3582 352 3646 rnerifirmatnr,
372 3582 442 3646 apud
470 3597 546 3647 quem
568 3583 671 3633 Helena
711 3597 772 3634 aves
792 3577 964 3634 mutationem
985 3581 1111 3635 sentinat.
1145 3583 1247 3651 Omnes

139 3664 260 3723 recator,
277 3661 316 3709 tta
332 3660 456 3721 worda.
488 3657 541 3708 Alii
557 3671 604 3721 per
616 3658 672 3707 dim
711 3672 788 3724 porro
798 3659 870 3709 volui
880 3659 933 3708 loci
944 3658 1153 3723 lmjuscolligere
1164 3657 1248 3727 expo-

136 3737 224 3789 ιώ
239 3735 388 3801 intelligunt
400 3735 507 3797 Lunam,
521 3734 673 3798 legantque,
712 3734 828 3797 sitiones,
839 3731 878 3798 nt,
897 3748 974 3799 qaam
992 3735 1078 3784 lectur
1088 3736 1172 3802 magis
1184 3750 1247 3803 pro·

141 3809 671 3873 Gsndtmrnelierclioscsteaditcecs'tnntee,
711 3810 1031 3875 beneriteamseqnatnr.

139 3895 171 3940 at
187 3902 277 3952 sensns
294 3887 349 3938 sitr
372 3885 464 3936 Redde
482 3885 546 3935 mihi
567 3886 672 3950 palliam
743 3888 807 3938 Aser
817 3887 956 3951 oscitantes]
973 3887 1085 3951 Fulicss,
1098 3893 1144 3938 aut
1163 3890 1247 3942 Leros

133 3955 425 4030 'mcum,quodfuratns
438 3968 673 4012 esnoctnrnotem·
712 3962 817 4013 videtur
838 3963 994 4026 intelligere,
1008 3962 1061 4027 'qui
1087 3965 1191 4028 semper
1218 3967 1246 4016 in

139 4054 204 4106 pore
226 4055 285 4092 cam
304 4040 455 4104 dormirem,
464 4045 493 4090 et
504 4041 577 4089 Luna
586 4045 672 4089 osten·
711 4037 793 4089 fluctu
812 4037 910 4102 degunt
926 4037 1052 4087 marinam
1072 4053 1190 4103 spamam
1207 4043 1250 4093 hi.

140 4114 217 4166 deret
229 4117 292 4167 alios
304 4118 446 4168 oscitantes
457 4116 484 4165 in
495 4130 591 4166 somno.
617 4114 672 4164 Alii
712 4119 773 4163 ante
791 4127 836 4163 ore
847 4118 995 4177 pascentes,
1009 4113 1055 4162 sed
1072 4113 1246 4178 impendente

141 4191 344 4259 perdieemuller
352 4191 447 4259 exponi
456 4192 545 4245 reluat
553 4191 671 4255 amicarn,
712 4189 1246 4259 tempestateinlittnrejiciuntnr‚qnibus
