2774 4702
136 280 201 346 198
490 299 520 346 c.
544 294 701 347 vncnnn
726 295 891 349 curuum
1004 304 1017 335 ο
1116 251 1122 258 ’

138 436 236 503 Rura
249 437 328 502 colit
340 455 459 519 nem0;
481 441 678 508 mollescunt
694 445 783 509 colla
792 445 965 529 juvencis:

138 538 220 604 Non
233 538 368 603 humilis
384 541 496 606 curvis
510 551 668 629 purgatur
681 546 780 610 vinea
794 549 929 612 rastris:

138 641 218 706 Nou
232 641 364 724 glebam
378 661 486 726 prono
501 646 660 711 convellit
674 665 807 711 vomere
823 652 958 713 taums:

138 741 219 808 Non
231 744 304 808 salx
319 749 464 809 attenuat
478 745 706 811 frondatorum
722 749 848 812 arboris
862 751 1011 814 umbram
1025 771 1034 815 :

138 846 300 931 Squalida
315 845 459 911 desertis
474 849 595 930 robigo
610 850 748 913 infertur
763 850 893 913 aratris.

138 947 255 1032 Ipsius
271 953 305 1012 at
320 948 432 1026 sedes,
450 964 662 1034 quacumque
677 953 839 1035 opulenta
852 953 991 1017 recessit

138 1049 261 1133 Regia,
273 1050 410 1136 fulgenti
426 1051 597 1135 splendent
612 1071 705 1132 auro,
720 1058 818 1137 atque
831 1059 978 1136 argento.

138 1149 271 1221 Gaudet
285 1155 368 1218 ebur
382 1153 497 1233 soliis;
520 1154 684 1218 collucent
696 1155 819 1238 pocula
832 1155 980 1220 mensis:

137 1253 226 1319 Tota
239 1253 358 1318 domus
372 1254 494 1336 gaudet
508 1255 609 1336 regali
625 1255 804 1338 splendida
819 1275 913 1338 gaza.

139 1355 301 1420 Pulvinar
314 1375 395 1420 vero
412 1357 513 1421 Divae
530 1356 657 1438 geniale
673 1358 801 1422 locatur

137 1457 286 1522 Sedibus
299 1459 335 1522 in
349 1460 478 1536 mediis,
494 1458 582 1523 Indo
597 1460 689 1542 quod
705 1460 804 1523 dente
819 1452 978 1542 politum

138 1559 263 1634 Tincta
274 1563 354 1644 tegit
366 1581 463 1627 roseo
479 1561 634 1645 conchyli
649 1582 799 1648 purpura
813 1562 904 1627 fuco.

138 1780 333 1831 lamuelehrunt.
368 1783 647 1844 Nullusugrosexereet,
659 1782 823 1832 remediantur
840 1781 910 1830 hohas
924 1780 1039 1830 omres:
1049 1779 1248 1836 {naucerus

132 1843 209 1906 flexis
228 1847 328 1895 suendis
342 1863 388 1897 non
405 1848 563 1896 manduntur:
581 1853 670 1896 terrum
686 1852 767 1895 aratro
784 1860 855 1895 curuo
866 1860 912 1896 nora
926 1847 1077 1909 prunedum
1090 1845 1158 1896 boues
1168 1864 1177 1896 .·
1188 1849 1244 1910 sul·

138 1909 192 1957 culn
211 1915 348 1970 putatorum
368 1926 415 1959 noa
433 1911 546 1960 dirairruit
562 1927 680 1960 rumorum
697 1911 807 1960 ardorum
820 1910 996 1960 umbraculum.-
1005 1909 1162 1972 ferrugineus
1181 1914 1246 1963 situs

138 1973 230 2021 relictis
245 1975 374 2024 sumendus
389 1974 521 2024 obducitur.
555 1975 602 2025 Sed
622 1990 765 2038 quorumque
783 1977 832 2024 late
850 1980 916 2038 putet
936 1974 1001 2024 diues
1022 1975 1096 2024 Pelei
1113 1976 1244 2040 palatium,

139 2035 190 2097 qius
198 2037 263 2086 utria
273 2039 345 2088 rutilo
355 2040 442 2087 micum
453 2054 509 2087 suro
520 2045 543 2088 et
559 2046 666 2101 urgento.
698 2041 795 2090 Alhicut
806 2040 864 2089 ehur
871 2040 966 2089 sedilus
972 2055 982 2096 ,·
997 2040 1145 2100 resplendent
1156 2041 1247 2092 ments

139 2105 250 2150 nutum
288 2103 403 2152 Universa
414 2104 492 2164 Regia
503 2106 598 2152 letatur
616 2104 748 2169 magnificis
767 2119 889 2154 roruscuns
907 2104 996 2167 upihm.
1030 2103 1246 2155 l'hulumrrsuateaa

137 2166 267 2227 conjugalis
277 2167 338 2216 Deoe
347 2170 464 2217 sternitur
475 2169 500 2217 in
516 2170 599 2217 mediis
608 2170 707 2230 editus,
724 2185 791 2232 quem
808 2170 876 2219 chore
891 2169 974 2217 Iudico
985 2168 1073 2217 cultam
1090 2173 1114 2217 et
1132 2174 1245 2219 ornatura

140 2230 217 2292 operit
232 2237 322 2282 ustum
338 2247 455 2296 purpureo
472 2248 538 2282 succo
557 2233 654 2282 mancis
673 2233 795 2294 infectum.
827 2235 881 2283 Ista
890 2233 1000 2295 stragula
1010 2231 1113 2296 sanquis
1122 2233 1245 2285 amnas

602 2374 779 2394 ”W

140 2473 209 2538 conj.
222 2471 372 2534 Pharsalico,
384 2477 429 2522 aut
441 2473 627 2522 Pherecli-38
645 2472 722 2521 Hunc
732 2479 759 2521 et
769 2477 880 2537 quatuor
896 2487 970 2538 seqq.
985 2485 1076 2521 versus
1085 2473 1248 2535 transposuit

140 2536 260 2588 Ramirez
271 2536 304 2586 de
316 2537 395 2586 Prad.
408 2539 440 2586 sd
452 2539 533 2586 Mart.
545 2552 564 2588 1.
575 2541 617 2587 44.
628 2537 677 2586 hoc
689 2536 789 2598 ordine,
802 2541 842 2588 39.
854 2541 894 2587 41.
907 2541 946 2593 aa.
958 2541 999 2587 40.
1011 2539 1119 2586 aa—lo
1135 2536 1166 2586 ln
1174 2537 1245 2587 Stat.

140 2603 216 2654 codd.
231 2603 333 2665 giarium
350 2617 397 2666 per
416 2603 678 2666 diphthongum-41
701 2602 755 2650 Pro
772 2606 825 2650 vet.
848 2602 911 2651 lect.
925 2600 1077 2660 frondatoris
1098 2600 1149 2664 legi
1164 2600 1247 2664 jubet

140 2666 238 2716 Avant.
250 2666 435 2727 frondatorum:
456 2668 570 2730 Lennep.
595 2666 626 2714 ad
646 2666 748 2714 Coluth.
763 2680 783 2716 r.
800 2680 827 2728 p.
843 2669 884 2715 ss.
897 2667 965 2715 hune
981 2678 1084 2714 versum
1094 2665 1132 2714 sie
1143 2662 1247 2715 emend.
1291 2708 1295 2715 .

140 2733 198 2781 Noa
208 2731 275 2792 sulca
285 2734 398 2780 adtenuut
410 2731 540 2790 frondator
557 2731 648 2779 roboris
661 2730 776 2791 anstrum,
787 2731 948 2793 improbante
961 2731 1107 2778 Dosa—4³
1125 2729 1205 2779 Hune
1216 2735 1246 2779 et

140 2810 273 2859 sequere.
285 2797 323 2844 sic
335 2794 440 2857 refingit
457 2796 550 2844 Heius.
572 2795 678 2856 Spissius
689 2799 714 2843 ut
726 2796 791 2844 sedes
800 2810 933 2857 quocunque
943 2795 1051 2857 opulenta
1061 2807 1153 2842 recessa
1165 2793 1247 2855 Regia

134 2858 245 2920 fulgenti
254 2861 376 2922 splendens
385 2874 442 2906 auro
453 2865 522 2921 atque
533 2865 641 2920 urgento,
653 2866 682 2908 ut
693 2873 781 2906 sensns
794 2859 838 2918 sit,
857 2858 949 2908 ‘sedes
968 2858 1040 2921 regia
1056 2857 1083 2906 iu
1101 2857 1171 2906 omni
1189 2858 1247 2922 ejus

141 2937 246 2972 recessu
257 2923 363 2986 spissius
381 2929 488 2984 argento
509 2928 536 2972 et
556 2937 619 2971 auro
636 2921 785 2985 splendet:’
800 2924 924 2986 splenderu
944 2922 1061 2970 nimirum
1080 2922 1177 2985 accipit
1196 2937 1245 2985 pru

139 2987 297 3051 ‘splendens
309 2985 366 3046 est‚’
376 2993 404 3035 et
415 2988 462 3035 hoc
474 3001 521 3050 pro
532 2987 540 3013 ‘
550 2985 688 3049 splendet:
722 2986 913 3048 Regiusalgenti
927 2987 1047 3048 splendent
1063 2987 1133 3035 con:
1146 2984 1245 3037 Arent.

139 3056 204 3102 -46
222 3051 254 3100 In
274 3050 341 3100 Scal.
360 3054 384 3099 l.
407 3065 501 3110 mensa,
521 3051 589 3112 quod
609 3051 710 3112 recepit
733 3051 782 3099 Ed.
802 3054 945 3101 anone-4⁷
962 3051 1078 3099 Polrinur
1098 3001 1166 3100 deul.
1187 3055 1246 3100 l·-

140 3120 173 3167 48
189 3116 291 3166 AEditus
301 3115 418 3164 inmdiis
428 3116 455 3164 in
466 3116 697 3165 Venet.an.1500.
710 3121 737 3164 et
745 3115 848 3180 Gryph.
860 3119 951 3165 2.-49
968 3114 1002 3164 lu
1014 3115 1160 3166 Venetas.
1169 3118 1244 3164 150⁰.

645 3293 752 3346 NOTAE

142 3435 197 3480 tum
216 3436 244 3480 et
260 3429 386 3479 Cassium.
423 3429 464 3479 De
476 3428 601 3478 Pharsalo
613 3426 673 3478 ride
712 3425 868 3486 timentium
891 3438 942 3489 quo
953 3423 1247 3476 etiamuoruinelecta·

142 3505 229 3557 strab.
240 3505 284 3553 lib.
297 3518 358 3554 vrri.
370 3511 398 3554 et
411 3519 451 3555 rx.
712 3503 752 3551 lus
764 3500 869 3573 digitur,
886 3501 930 3565 qui
947 3499 1075 3565 qnondam
1087 3500 1120 3549 rin
1140 3501 1248 3565 templis

174 3585 207 3630 ⁸8
224 3582 363 3629 Modescunt
382 3580 572 3645 rolhxjuueneir]
605 3581 674 3633 eria
713 3576 794 3626 sterni
806 3575 940 3625 consuevit
951 3576 977 3624 iu
988 3576 1113 3625 honorem
1124 3574 1247 3627 Numinis

141 3668 194 3707 nou
206 3657 311 3706 trahunt
322 3654 475 3704 aratrurnad
482 3657 573 3718 jugum
579 3656 675 3719 juncti,
714 3652 841 3716 alicujus:
866 3650 938 3700 unde
946 3650 1137 3700 lectisternium
1147 3666 1248 3703 nuncu·

143 3748 177 3784 ex
194 3748 245 3799 quo
265 3733 350 3782 solent
361 3731 482 3780 duritiem
498 3732 630 3793 et‚callum
647 3733 674 3781 in
716 3734 802 3792 patus.
839 3725 892 3776 Sed
910 3726 952 3776 hic
973 3727 1093 3789 pulvinar
1111 3732 1153 3777 est
1174 3734 1247 3779 torua

144 3810 211 3861 collo
221 3807 384 3858 contrahere.
715 3806 868 3871 conjugalis,
887 3820 933 3856 seu
953 3806 1066 3856 lectulus
1084 3807 1205 3873 genialis,
1218 3809 1247 3860 ia

163 3891 208 3936 ‹lt
226 3887 317 3934 Gaudet
333 3883 391 3933 ebur
407 3882 483 3946 soliis]
514 3882 557 3931 Its
575 3883 674 3946 pariter
714 3899 765 3948 quo
776 3897 844 3933 nova
855 3889 935 3946 nupta
946 3895 1006 3932 eum
1016 3896 1111 3946 sponso
1124 3882 1250 3937 subitura

144 3959 674 4029 Virgil.AEn.v1.‘caudentlperfeets
714 3965 763 4010 eat.
811 3960 854 4008 De
872 3958 1091 4022 hoel-lieronym.
1109 3958 1196 4024 Epist.
1212 3961 1249 4012 ail

144 4041 229 4090 nitens
240 4037 397 4103 elephanto!
715 4035 927 4085 Demetriadem:
943 4033 1088 4098 ‘Cumjam
1096 4035 1250 4099 nuptiarum

178 4119 210 4164 4⁷
225 4115 356 4178 Pulvinur]
377 4113 489 4179 Proprie
504 4117 546 4163 est
562 4111 675 4163 cervical
714 4113 935 4178 appropinquaret
945 4108 1148 4175 dieqetfutaro
1158 4112 1251 4164 natul-

146 4189 280 4254 eplumiq.
290 4189 358 4256 quod
370 4188 452 4256 captu
461 4188 596 4256 auhjidtur
612 4189 675 4241 mol·
715 4188 801 4242 monio
811 4189 937 4240 thalamus
945 4184 1169 4252 ruamur,'.se.
