2774 4702
141 279 185 349 16
585 297 790 347 susurrio.

141 441 388 523 annotationes,
403 439 585 513 maximam
610 447 740 523 partem
758 439 972 519 libidinosas,
999 439 1123 507 addere
1149 441 1238 507 sole·

139 547 242 626 bant3
264 541 353 608 unde
368 562 461 626 saepe
475 541 638 606 mirabilis
651 543 810 607 lectionis
822 543 980 607 varietas.
1025 541 1129 620 Quod
1143 543 1174 608 si
1193 543 1238 610 ad

138 645 300 712 editiones
313 663 447 728 quoque
460 644 635 726 respicias,
652 646 747 710 tertio
762 644 877 709 ordine
892 645 1144 709 commemorari
1157 664 1240 727 pos·

142 754 223 817 sunt
246 747 463 813 recentissimi
486 747 750 831 interpolatores,
771 751 809 810 ut
829 752 924 812 erant
950 745 1030 811 lov.
1050 744 1238 829 Pantanus,

141 846 319 925 Aventius,
334 853 367 912 et
381 848 452 911 alii.

184 949 307 1015 Catulli
321 949 459 1014 codices
476 948 549 1031 jam
570 948 810 1031 antiquioribus
833 949 1039 1032 temporibus
1061 957 1240 1034 corruptos

140 1059 175 1117 ct
189 1071 210 1115 a
223 1050 459 1116 Grammaticis
485 1054 633 1114 mutatos
655 1068 742 1128 esse,
756 1050 938 1135 luculenter
960 1057 1140 1135 apparete
1161 1051 1238 1117 loco

141 1150 260 1230 Gellii,
279 1152 339 1235 qni
368 1167 435 1214 vn.
471 1151 576 1217 Noct.
599 1148 669 1214 Art.
698 1151 752 1217 20.
778 1152 846 1219 ita:
884 1152 1074 1217 ‘Catullus
1102 1172 1238 1237 quoque

141 1253 408 1336 elegantissimus
424 1250 605 1316 Petitarum
620 1253 654 1316 in
675 1251 768 1316 bisce
795 1253 946 1318 versibus
964 1252 1091 1338 (Germ.
1109 1270 1237 1320 xxvrr.

140 1354 173 1423 l.
188 1350 260 1438 sq.)
283 1351 510 1417 Minister-ut
532 1350 580 1414 lex
597 1349 707 1415 Postu.
717 1350 814 1437 jubet
833 1353 988 1439 magistra
1008 1353 1125 1418 ebriosa
1146 1356 1238 1423 acum

139 1453 322 1534 eamdent,
338 1475 413 1520 cnm
427 1455 537 1520 dicere
551 1452 669 1519 edrimo
683 1462 814 1538 posset,
825 1459 886 1521 duc.
923 1455 1002 1533 Qui
1015 1455 1112 1521 ebrios
1127 1463 1239 1523 autem

141 1557 448 1627 Catrdlumdixisse
459 1562 586 1641 putant,
597 1564 657 1621 aut
668 1554 908 1642 ebriosos,(nam
919 1557 955 1623 id
966 1577 1100 1643 quoque
1111 1564 1237 1626 temere

139 1660 303 1743 scriptum
316 1656 548 1744 invenitur,)in
556 1659 663 1724 lihr'os
677 1659 804 1724 scilicet
814 1657 855 1722 de
864 1660 1030 1743 corruptis
1039 1661 1239 1744 exemplari«

139 1761 204 1825 bns
226 1760 336 1825 factos
359 1759 564 1826 inciduunt:
607 1759 664 1825 Ad
686 1778 743 1826 eos
766 1779 859 1839 vero,
882 1761 942 1845 qui
969 1768 1090 1845 postea
1113 1761 1239 1827 Podtas

139 1860 277 1927 Latinos
298 1862 552 1945 interpolabant,
575 1861 687 1926 referri
710 1862 810 1927 debet
831 1861 971 1941 Seneca,
998 1863 1095 1948 eujus
1116 1882 1239 1929 nomen

75 2048 78 2053 ι
139 1965 323 2049 ascriptum
343 1970 396 2029 est
416 1966 450 2029 in
464 1964 645 2029 Dresdensi
666 1963 793 2047 codice,
809 1965 851 2029 de
866 1984 934 2049 quo
956 1964 1042 2029 inira
1055 1965 1177 2043 dicam,
1192 1966 1239 2033 ad

138 2064 265 2132 Tibull.
289 2083 314 2131 1.
327 2065 359 2130 2.
374 2066 428 2132 26.
451 2083 492 2132 11.
513 2067 547 2132 8.
567 2067 622 2132 17.
644 2074 680 2131 et
698 2068 754 2132 74.
798 2065 910 2131 Etiam
933 2065 1105 2131 Catullum
1129 2068 1172 2131 ab
1194 2086 1239 2132 eo

139 2167 373 2250 interpolatum
382 2154 472 2244 esse,
486 2166 635 2234 Vossius
645 2169 689 2233 ad
699 2167 810 2234 carm.
823 2183 944 2232 nxvu.
954 2188 988 2250 p.
1002 2167 1078 2232 284.
1093 2186 1112 2231 e
1126 2166 1240 2232 Medi·

138 2268 287 2333 olanensi
308 2269 491 2353 exemplari
513 2268 760 2348 demonstrarit,
781 2269 838 2333 ubi
862 2268 1046 2351 ascriptum
1065 2269 1241 2352 legebatur

138 2369 297 2435 ‘Seneca
320 2370 510 2453 supplevit’
567 2370 655 2450 Quis
688 2377 802 2436 autem
830 2369 934 2434 fuerit.
947 2370 1009 2433 'ille
1035 2368 1150 2448 bomo,
1175 2390 1238 2435 nec

137 2468 299 2549 Vossius,
315 2490 379 2535 nec
395 2470 550 2555 Heynins
564 2471 683 2560 (Praef.
699 2471 884 2541 adTibull.
900 2492 934 2555 p.
949 2470 1020 2549 28.)
1030 2476 1238 2553 compertum

135 2570 294 2637 babebat.
337 2573 504 2638 Praeterea
513 2572 792 2640 Vossinslibrum
803 2571 1074 2655 manuscriptum
1085 2570 1241 2638 AEneidis

136 2666 263 2737 vidisse
276 2692 314 2738 se
325 2672 462 2749 dicit,in
473 2693 542 2757 quo
553 2674 682 2738 Seneca
692 2674 839 2758 priorum
849 2680 1000 2756 quatuor
1006 2691 1172 2749 versuum,
1179 2674 1238 2754 qui

136 2772 271 2836 AEneidi
286 2774 548 2854 praemittuntur,
571 2782 688 2836 auctor
711 2773 958 2848 nominabatur,
974 2777 1007 2837 et
1031 2771 1162 2836 Lucani
1181 2791 1239 2839 eo·

137 2870 241 2949 dices,
256 2872 431 2954 inquibus
446 2876 574 2954 septem
588 2871 715 2954 primos
735 2890 855 2936 versus
878 2870 1049 2936 addidisse
1062 2872 1239 2943 dicebatur

49 2968 58 2985 ⁸
138 2971 304 3051 ‘Seneca
320 2979 358 3036 ut
370 2971 506 3054 qnidam
525 2970 654 3048 volunt,
671 2973 858 3037 avunculus
882 2972 1030 3037 Lucani!
1074 2970 1239 3056 Quisquis

136 3073 193 3138 ille
204 3071 319 3150 fuerit,
333 3073 389 3138 vel
404 3071 522 3136 Florus
537 3071 732 3154 cognomine
747 3072 884 3138 Senecae
898 3079 1052 3150 vocatus,
1067 3075 1121 3139 vel
1134 3074 1237 3153 alius,
1322 3064 1325 3071 ’

137 3173 181 3239 ad
196 3172 232 3237 id
251 3193 356 3255 genus
369 3173 642 3256 interpolatorum
655 3173 811 3254 pertinet,
829 3173 888 3254 qui
911 3171 1091 3237 senioribus
1106 3176 1237 3256 tempo·

83 3286 88 3295 ·
136 3275 228 3339 ribus
241 3292 363 3340 versus
384 3276 532 3355 integros
553 3273 709 3350 inserere,
725 3273 780 3337 vol
800 3291 847 3336 ex
869 3273 945 3337 aliis
964 3274 1050 3338 loeis
1072 3273 1238 3339 deducere

136 3375 298 3441 solebant.
356 3373 481 3439 Catulli
507 3393 587 3439 vero
614 3372 771 3438 Carmina
799 3375 993 3456 ampliorem
1021 3377 1237 3441 occasionem

135 3476 330 3558 praebebant
351 3474 611 3560 interpolationi,
626 3492 728 3557 quam
754 3473 891 3538 aliomm
912 3475 1036 3552 omnia,
1051 3477 1238 3558 etquidem

137 3574 183 3642 ob
202 3577 386 3658 argumenti
410 3575 612 3640 varietatem.
655 3574 902 3639 Grammaticos
917 3577 1027 3641 secuti
1042 3582 1120 3640 sunt
1131 3576 1238 3641 homi*

135 3695 197 3743 nes
209 3676 329 3741 saeculi
343 3691 424 3741 xrv.
440 3683 476 3739 et
486 3692 565 3752 xv„
575 3694 717 3759 quorum
728 3695 838 3759 operae
848 3695 911 3741 nos
923 3676 1239 3742 debemuscodices.

137 3776 414 3859 Interpnlationes
439 3776 551 3859 plures
573 3776 618 3840 ab
640 3775 696 3839 his
721 3775 882 3859 proiectae
905 3782 994 3855 sunt,
1022 3783 1062 3843 ut
1083 3783 1160 3843 ante
1180 3798 1236 3842 me

138 3877 277 3961 copiose
292 3883 326 3941 et
334 3878 463 3959 egregie
474 3879 629 3960 probavit
643 3877 737 3963 (loco
751 3877 982 3944 Carm.uxv1.
996 3898 1047 3945 vs.
1057 3881 1111 3945 33.
1123 3858 1158 3944 et
1165 3876 1239 3963 34.)

138 3977 296 4051 Maffeius
309 3979 345 4043 in
355 3977 495 4044 Verona
505 3978 683 4071 Illustrata,
696 3978 738 4043 Τ.
749 3993 789 4041 11.
802 3998 866 4042 nec
875 3998 961 4061 opus
972 3985 1023 4045 ost
1031 3982 1135 4045 mulia
1147 3979 1238 4046 addi.
