2774 4702
327 334 358 381 c.
384 332 540 382 vauuarr
563 331 729 381 osuuaar
753 331 909 386 eaauuu
936 332 1040 381 uxrv.
1168 318 1237 381 403.

139 472 450 536 Perpetuumeplthetusn
458 472 672 523 moeuloruur‘su·
707 474 802 524 lterum
824 473 858 525 ad
879 474 999 527 elrsonias
1021 475 1127 540 glandes
1148 489 1235 524 rever·

139 557 216 610 gusta
227 546 245 596 ι’
267 548 382 598 Ειιιιίιιιι
404 547 545 609 ‘Augusto
563 548 671 612 augurio
708 556 801 599 tamur.
844 549 992 613 legendum
1017 552 1086 601 enim
1107 549 1236 615 profecto,

140 630 275 687 postquam
287 623 385 672 incluta
396 623 502 673 condita
513 625 597 673 Roma
612 623 671 674 est!
706 625 714 652 ‘
725 625 867 675 Castaneas
873 623 962 689 fagus!
978 627 1064 690 Pagus
1072 628 1140 676 eninr
1150 627 1235 690 plura-

139 699 671 765 Quiaigituraugustoaugurioponuntur
706 699 777 761 liter,
797 706 827 749 ut
848 700 890 750 ule
912 706 1014 765 myrtos,
1038 709 1068 750 ut
1095 702 1121 751 iu
1144 702 1235 750 Culleo

139 776 243 835 moeuln,
252 775 285 824 ob
296 775 323 824 id
332 781 440 839 augruta
451 776 532 825 dieta.
555 778 670 826 Romane
706 774 861 838 ‘platanus'
893 777 945 825 Sed
956 775 1066 826 fortasse
1077 777 1236 840 objicientur

137 865 204 913 ergo
214 851 248 899 de
259 851 336 900 rebus
345 851 583 917 Graecisloquitur:
597 861 626 902 ut
637 867 670 903 ue
706 850 752 899 illa
779 850 858 899 Plinii
885 866 919 900 ex
946 852 1013 902 libro
1040 865 1085 901 xv.
1115 867 1175 915 cap.
1195 857 1236 902 16.

137 925 242 986 addam,
261 927 330 991 quod
348 924 485 976 sommo
503 925 564 976 doro
585 929 671 991 potuit
707 927 828 990 ‘Quippe
837 942 914 991 quum
923 928 1047 991 Virgilius
1056 928 1156 977 insitam
1164 930 1235 977 nuci·

138 1000 262 1049 iudicare
292 1001 360 1051 Nam
380 1003 500 1053 Minerva
517 1019 576 1054 euur
597 1004 670 1069 Nep·
708 1001 754 1050 bus
767 1002 895 1065 arbatum,
903 1003 976 1052 malis
986 1003 1128 1067 platanum,
1139 1003 1235 1051 cerasis

139 1077 338 1126 luuoroudidit.
367 1078 442 1128 Idem.
707 1077 902 1127 ulmruudioat.'
934 1077 1234 1127 NamlruucloeumVlr·

171 1155 203 1200 8³
221 1152 318 1200 Funera
338 1153 460 1215 Cecropem
477 1153 602 1216 manera]
627 1153 670 1203 lta
707 1151 1095 1213 giliilrabebatinauiuroPliu.
1108 1151 1235 1200 ubivides
1283 1178 1285 1183 >

134 1225 247 1287 junctim
270 1226 419 1289 legendum.
459 1228 555 1287 Graeci,
579 1229 670 1293 quibus
707 1238 766 1274 euru
783 1240 834 1274 nou
852 1227 945 1275 malum
962 1227 1076 1290 platano,
1087 1227 1133 1276 sed
1144 1233 1266 1304 eontra!

138 1300 202 1348 lieet
218 1313 276 1348 ense
295 1301 477 1363 nundinatio,
495 1311 670 1365 possuutuno
707 1302 774 1350 malo
797 1302 930 1364 platanum
949 1302 1038 1352 inseri.
1071 1303 1139 1353 Quid
1159 1302 1186 1350 ui
1208 1307 1236 1350 et

139 1374 221 1425 verbo
240 1377 370 1424 contraria
389 1377 440 1426 duo
458 1392 571 1440 ponere:
594 1376 670 1438 γάμοι
708 1375 798 1424 eodem
810 1376 886 1424 modo
899 1375 987 1440 fagum
1005 1378 1153 1427 castaneae?
1171 1377 1236 1427 Quis

139 1448 239 1510 ἄγαμοι.
268 1451 355 1500 Latini
368 1452 504 1501 voluerunt
515 1452 670 1517 exprimere,
707 1464 758 1498 non
771 1450 843 1499 videt
853 1451 934 1512 ipsum
943 1452 1126 1501 hallucinatum
1135 1464 1200 1514 esse,
1208 1457 1236 1500 et

140 1534 170 1574 ut
181 1525 226 1574 ille
236 1524 315 1588 poeta
326 1527 394 1588 apud
407 1527 462 1576 Cic.
472 1527 516 1590 qui
525 1527 600 1590 dixit,
616 1526 670 1574 ίἱιι-
707 1526 843 1588 Virgilium
855 1540 905 1575 non
917 1527 985 1575 malo
997 1527 1129 1588 platanum
1138 1527 1236 1589 -inseri,

139 1600 356 1664 nuptisnuptiis.’
389 1601 469 1650 ovid.
481 1603 547 1650 Met.
559 1615 590 1651 ιι.
616 1603 671 1651 ‘Ut
708 1602 754 1650 sed
765 1609 857 1652 contra
867 1603 993 1652 senuisse?
1007 1604 1140 1652 Praeterea
1152 1603 1235 1666 ipsum

140 1674 214 1727 osuit
225 1675 366 1738 amplexus,
376 1675 524 1740 injustaque
530 1677 604 1739 justa
613 1691 671 1739 per·
708 1677 858 1727 confrrdisse
885 1679 952 1726 hune
981 1679 1064 1727 locum
1090 1692 1148 1726 curn
1177 1678 1237 1741 alio,

140 1749 212 1814 egit!
223 1749 371 1814 Aliquando
383 1765 433 1799 nou
445 1760 564 1815 possunt,
582 1758 611 1802 ut
628 1754 671 1802 irio
707 1752 843 1801 ‘Pullulat
860 1751 891 1801 ab
909 1753 993 1801 radice
1011 1753 1067 1801 allis
1083 1752 1237 1802 densissima

135 1825 225 1885 funera
234 1823 356 1888 ιιιὴιιινιιι,
366 1822 441 1887 τόφόι
450 1825 548 1888 ἄταφοι.
571 1828 614 1876 Sic
624 1828 670 1876 ali-
707 1827 772 1875 silva
783 1828 820 1875 Ut
831 1827 927 1875 cerasis
939 1826 1081 1890 ulmisque!
1105 1826 1169 1874 Saul.
1224 1849 1228 1856 ·

140 1899 244 1964 quaudo
260 1899 348 1949 (itaci
365 1902 473 1963 penuria
489 1901 623 1951 laborant:
640 1911 670 1952 ut
739 1906 771 1950 aa
789 1901 867 1956 Quum
877 1906 927 1950 toto
937 1901 1042 1963 concepit
1057 1905 1150 1963 pectore
1162 1900 1236 1964 fluon-

139 1975 281 2039 Sophocles
303 1973 370 2025 dixit
391 1978 490 2037 γυναῖκα
511 1977 538 2026 ot
558 1981 667 2038 γιναΐκιι.
706 1974 781 2040 mom]
809 1977 928 2039 Repoue,
947 1978 1025 2031 Quum
1040 1977 1236 2039 eunetoconeepit

140 2049 202 2109 llio,
212 2049 254 2097 oui
265 2049 336 2097 uulla
347 2055 388 2098 est
397 2050 517 2113 imposita
527 2053 669 2103 necessitas
704 2068 730 2116 p.
740 2053 766 2113 f.
779 2067 812 2102 ex
824 2054 907 2103 veteri
917 2053 991 2102 libro.
1016 2053 1090 2102 Idem.
1179 2099 1183 2108 ,

140 2122 250 2189 figurate
261 2123 392 2188 loquendi,
402 2125 439 2175 ita
454 2139 521 2188 pene
539 2126 665 2189 loquitur;
738 2133 771 2177 96
784 2128 1235 2192 Quoeqnsldolionrffrondosum]1aepo

141 2205 260 2263 utquam
271 2199 669 2263 ‹liniamenroueouytmt
699 2201 846 2261 frondosum.
888 2203 932 2252 Sic
954 2202 1023 2266 apud
1043 2203 1122 2252 Ovid.
1146 2203 1235 2252 ‘lliou

140 2272 263 2337 srpoploa:
278 2275 362 2325 uoluit
377 2276 445 2324 euim
457 2276 545 2326 dicere
557 2277 669 2340 dnrpopn-
706 2274 834 2325 defensa!
862 2277 938 2328 Ideni.
1271 2307 1273 2311 v

141 2349 203 2398 olor
215 2350 261 2398 lib.
274 2362 337 2400 aur.
349 2358 378 2401 et
394 2363 473 2401 xasa.
499 2352 578 2401 ntem
589 2355 632 2411 τῆς
643 2353 671 2402 ol
741 2354 788 2399 102
805 2350 857 2399 Aut
872 2355 970 2400 annena
986 2357 1105 2414 oppeteret
1124 2351 1236 2414 ineam]

141 2424 233 2485 διώξεως
244 2425 315 2486 adrui.
348 2425 476 2489 Asperum
492 2429 560 2477 euim
570 2427 671 2492 fuisset,
708 2424 842 2486 Itsmagis
852 2426 1030 2489 placet,quaur
1039 2427 1167 2489 scriptura
1176 2425 1237 2474 libri

141 2499 252 2562 duusslas·
265 2515 411 2564 quanquam
423 2508 451 2551 et
462 2501 498 2552 sic
509 2504 670 2554 nihilominus
708 2500 788 2549 nostri
806 2505 935 2563 expueret.
968 2500 1098 2550 Pacuvius
1118 2501 1236 2564 Niptrisr

143 2576 237 2626 Graece
248 2575 316 2640 loqui
332 2576 469 2639 potuisset.
494 2578 574 2628 Touo.
583 2568 631 2628 lib.
643 2591 669 2629 v.
707 2575 882 2638 ‘Priusquam
903 2584 1001 2638 oppeto
1028 2578 1119 2624 malam
1142 2577 1236 2640 pestlur
1286 2591 1290 2596 ·

142 2650 670 2713 nnarnrnattovotmnslwlmn1n
708 2649 793 2699 hostili
805 2649 950 2698 mandatam
962 2650 1056 2699 manu'
1078 2652 1153 2699 Idem.

142 2728 671 2792 ptimoeapitepriorisMacalraeoruml'od
741 2727 788 2772 loo
799 2723 1090 2787 dlupendituotolobello]
1107 2725 1139 2774 lu
1149 2732 1237 2776 nostro
1334 2766 1341 2775 ,

142 2804 241 2860 &dois
249 2801 467 2868 καὶούκὰρχιιρέωι
473 2802 583 2854 ’.ἰάσονος
596 2805 671 2854 ldenn.
706 2799 803 2862 scripto
813 2807 841 2848 et
852 2801 878 2848 iu
889 2799 1006 2851 omuibus
1015 2798 1072 2849 fere
1081 2801 1137 2849 aliis
1146 2815 1238 2850 succen-

175 2877 417 2941 Faneronefunero]
442 2879 484 2929 Sue
496 2879 650 2944 Euripides
644 2894 670 2930 ru
706 2875 752 2925 dt't
786 2875 868 2925 Idem

141 2953 288 3018 Hippolyto
298 2952 387 3013 torpor
396 2953 535 3016 ἄποτμον
529 2954 671 3004 ruHeleua
699 2969 710 2996 ι
741 2954 789 3000 tos
806 2950 852 2999 Illo
860 2951 952 3013 ment]
968 2902 1237 3002 Totumlruueloeurn

143 3027 201 3093 dno
223 3028 318 3092 ἄνφγα.
351 3030 524 3093 Sophocles
517 3045 544 3079 ιιι
566 3030 672 3080 Electra
708 3037 741 3073 ex
760 3031 850 3074 nostro
866 3024 932 3076 libro
951 3025 991 3074 ita
1006 3025 1103 3087 legito:
1121 3028 1164 3075 illo
1183 3042 1237 3089 pro·

142 3104 220 3168 plyrnp
229 3103 323 3167 ἀμήτωρ
334 3103 416 3155 dixit:
429 3119 487 3169 quse
494 3103 555 3153 addi
565 3110 672 3167 possunt
708 3103 745 3150 eut
765 3100 885 3150 radicibus
903 3101 1031 3149 exturbato
1056 3103 1138 3151 Prono
1162 3104 1236 3164 eadit,

142 3180 173 3228 ils
185 3195 243 3244 quse
256 3179 289 3228 ad
301 3181 324 3229 lr.
336 3180 353 3229 l.
375 3185 500 3229 notarunt
514 3178 633 3241 Scaliger
644 3183 679 3231 et
708 3180 799 3239 meque
820 3181 844 3224 et
869 3178 996 3224 comminus
1022 3176 1090 3225 odoia
1108 3177 1237 3238 frangens.

143 3257 271 3305 Muretus.
300 3255 384 3304 Dousu
394 3255 426 3305 F.
663 3276 666 3284 ·
708 3252 804 3301 Tibull.
816 3251 902 3300 ‘leuto
914 3249 1073 3315 perfregerit
1082 3253 1158 3301 obvia
1167 3253 1238 3315 pilo.⁸

168 3336 208 3382 ,89
224 3329 489 3396 Proglgoontstunsino
499 3328 600 3394 myrtos]
621 3329 672 3377 Re·
709 3326 786 3381 Quod
794 3335 880 3376 autern
888 3325 995 3375 exodoiu
1003 3325 1101 3375 facturn
1110 3327 1144 3375 sit
1152 3326 1240 3389 oannis,

143 3420 212 3470 pone
232 3404 363 3470 ἀρχαῖσιὼν
383 3420 417 3454 ex
440 3405 521 3453 veteri
543 3405 673 3467 scripture
708 3404 757 3452 hoc
770 3400 879 3450 debetur
887 3401 979 3464 priscae
989 3400 1138 3462 scripturae.
1169 3400 1238 3454 Naar

142 3488 241 3547 myrtus.
258 3483 301 3531 Sic
311 3481 405 3543 Virgil.
416 3480 446 3529 iu
455 3479 552 3542 Culiee,
567 3479 575 3507 ⁴
586 3477 673 3528 Adria
709 3479 766 3527 sine
775 3478 828 3526 ullo
837 3475 914 3525 dubio
922 3476 1048 3539 scriptum
1058 3474 1152 3537 fuerat,
1160 3475 1239 3535 oaus'o,

144 3558 282 3622 platanus!
309 3557 375 3606 Hac
386 3556 500 3616 minima,
512 3569 569 3617 quae
580 3553 673 3618 magis·
710 3567 747 3602 ex‘
762 3566 812 3616 quio
828 3551 906 3600 omnio
921 3549 1070 3600 conflatum.
1104 3550 1155 3600 Hie
1171 3552 1239 3598 enirn

143 3636 202 3684 telli
219 3639 323 3696 vocant,
335 3633 400 3681 tanti
417 3631 541 3681 momenti
558 3638 627 3693 suut,
644 3636 687 3680 ut·
710 3626 759 3676 fuit
771 3626 871 3689 priscus
882 3626 1013 3676 scribendi
1024 3625 1123 3677 modus.
1149 3627 1239 3675 Victo·

143 3711 200 3759 siue
208 3708 298 3757 illisue
307 3707 484 3771 seriaquidem
494 3719 674 3768 sepenumero
711 3703 790 3764 riuus,
811 3700 875 3751 ‘Ob
895 3708 981 3751 autem
997 3709 1112 3751 mutatur
1130 3702 1158 3749 in
1178 3714 1239 3763 eog-

145 3785 253 3835 tractari
266 3784 373 3847 possint.
406 3783 631 3846 Exemplumvesto
647 3780 674 3830 in
711 3785 786 3826 natas
808 3775 923 3839 easdem,
943 3785 973 3826 ut
993 3775 1079 3838 offert,
1100 3774 1191 3836 officit,
1211 3781 1240 3823 et

145 3860 244 3922 Georg.
255 3873 286 3909 rr.
302 3861 357 3908 ‘Et
369 3858 472 3907 sterilae
485 3856 583 3920 platani
594 3857 673 3904 malos
711 3858 848 3913 ommovet,
866 3851 1038 3910 ommutesolt,
1058 3857 1085 3898 et
1105 3849 1239 3913 oppandit,

146 3950 249 3998 gessere
276 3935 402 3996 valentes,
426 3933 560 3982 Castanea
583 3929 673 3992 fagos!
711 3929 855 3992 opperitur,
865 3932 892 3975 et
903 3926 1027 3985 ouuertit‚
1037 3924 1146 3975 ouuius!
1164 3925 1238 3973 Idem.

146 4011 233 4064 Quid?
250 4011 385 4060 Castanea
405 4008 528 4058 inseritur
547 4006 639 4070 fagus?
659 4020 674 4054 o
731 4008 779 4053 llo
790 3999 1240 4061 SiedsnritosnoamprostrooitJNos-

145 4100 187 4134 sue
205 4085 332 4134 homiuem
355 4084 428 4132 raoui
448 4081 551 4145 eapitis,
570 4083 592 4129 si
613 4088 675 4143 puto
714 4087 754 4127 ter
765 4080 839 4139 liber,
854 4076 992 4138 prosternit.
1019 4075 1063 4123 lta
1076 4075 1195 4125 solebant
1205 4091 1239 4124 ex

146 4160 202 4210 heo
223 4161 255 4212 ad
275 4158 486 4222 agricolationem
508 4154 604 4218 faeere,
626 4155 674 4204 uisi
713 4155 835 4218 praesenti
847 4150 1117 4218 psonuntensium,
1132 4157 1162 4201 ut
1178 4152 1240 4207 olirn
