2774 4702
566 278 721 330 etuuuu
749 281 853 332 uxrv.
961 245 966 256 ’

134 421 229 489 Haeo
244 421 361 499 vestis,
374 421 495 506 priscis
510 423 679 491 hominum
693 425 824 493 verintn
838 427 961 510 tiguris,

111 552 114 558 ·
135 522 292 588 Heroum
307 525 392 588 mire
406 525 544 591 virtutes
558 525 686 591 indicet
699 533 781 592 erte.
853 593 866 617 δ

138 625 297 710 Namque
309 624 513 692 fluentisono
528 635 749 711 prospectans
759 628 871 694 littore
887 628 964 696 Diae

137 725 270 792 Thesea
284 727 454 794 cedentem
469 730 569 795 celeri
584 750 658 795 eum
672 731 784 797 classe
800 735 911 795 tuetur

139 828 328 896 Indomitos
343 833 379 896 in
389 831 491 898 corde
504 852 623 915 gorens
637 831 788 899 Ariadna
800 833 949 899 furores:

140 929 298 996 Necdum
312 934 418 998 etiem
432 952 519 1012 seso,
536 953 611 1017 quae
626 935 716 1014 visit,
732 936 840 1001 visere
856 936 983 1014 credit;
1198 937 1243 1001 55

133 1128 221 1187 sennis
238 1130 352 1181 distinete
370 1131 474 1183 mentiti
489 1133 593 1199 artificio
612 1096 720 1185 Heremo
737 1138 854 1200 praetem
866 1135 979 1198 fecicum
990 1137 1150 1198 representet.
1183 1132 1243 1183 Ete-

138 1195 189 1243 eiss
199 1195 308 1244 Ariadne
318 1197 437 1246 remisere
447 1198 525 1246 urimo
534 1200 625 1248 dotores
634 1199 735 1248 inuictos
751 1215 764 1249 e
774 1201 856 1251 tittere
863 1201 988 1264 procelloso
1000 1199 1059 1249 nia
1074 1198 1171 1248 insulse
1187 1212 1244 1260 pre·

138 1260 176 1308 eui
190 1260 286 1309 iuturus
297 1260 410 1310 Theseum
422 1261 559 1323 fugientem
576 1278 629 1313 eum
647 1264 719 1314 erdod
734 1266 808 1314 cirne
822 1265 946 1329 prespicit,
961 1279 1034 1328 nepus
1041 1268 1094 1313 tuse
1103 1263 1179 1313 adhue
1187 1277 1244 1325 eeg-

138 1323 247 1374 soreebdt
264 1339 289 1374 se
307 1339 357 1376 esse
374 1340 426 1375 enm
440 1327 517 1392 iprum
537 1343 589 1391 pue
602 1327 687 1387 fueret
703 1335 769 1393 onte,
784 1330 869 1394 quippe
884 1346 936 1394 (με
952 1331 995 1379 oin
1007 1330 1061 1391 ,idm
1077 1328 1245 1407 expergefacit

603 1473 780 1494 ‘mu

140 1567 627 1636 Gryph.2.it1nr.etcent.ornetyiis,·
650 1572 677 1621 in
689 1571 755 1622 Seni.
767 1577 791 1622 1.
802 1572 989 1622 munditie-et
1007 1569 1087 1620 Varie
1098 1569 1141 1619 iiic
1156 1584 1247 1621 versus

138 1635 166 1683 in
177 1632 254 1683 codd.
265 1633 376 1697 iegitur:
397 1635 465 1684 Stet.
485 1633 571 1697 effert,
590 1638 642 1687 Nee
661 1639 717 1686 dum
737 1639 809 1686 etium
824 1651 918 1700 seseque
927 1636 966 1685 rui
981 1635 1019 1686 tui
1029 1650 1054 1685 se
1063 1634 1138 1684 eredit
1146 1651 1156 1693 ,·
1175 1633 1245 1685 onds

138 1699 209 1761 conj.
221 1698 338 1747 Necdum
348 1700 421 1748 etiem
429 1714 540 1763 seseque
549 1701 592 1763 eit,
602 1706 652 1751 tum
662 1701 765 1752 credidit
775 1717 838 1751 esse:
851 1710 925 1751 uetus
938 1700 1077 1765 scriptore,
1089 1705 1159 1749 teste
1174 1699 1246 1750 Scri.

139 1770 209 1824 erut,
230 1764 347 1812 Necdum
357 1764 430 1813 etism
439 1779 532 1829 nuque
541 1767 578 1815 sui
588 1768 627 1816 cui
723 1769 820 1825 mede:
832 1767 882 1826 vel,
895 1767 1001 1816 Necdum
1012 1765 1085 1815 etiem
1094 1778 1144 1814 sese
1155 1778 1201 1827 qus
1211 1764 1245 1814 sit

137 1829 213 1877 sinet
227 1827 275 1877 sini
284 1830 374 1890 credet,
383 1842 416 1877 ex
429 1843 481 1894 quo
492 1829 605 1881 t'ormutu
622 1837 675 1894 ert,
691 1831 744 1883 Nee
760 1833 815 1880 dum
833 1832 906 1880 etiem
921 1844 1011 1893 mque
1020 1830 1058 1878 eui
1071 1828 1108 1878 tui
1117 1843 1143 1878 se
1153 1828 1247 1878 meru.-

137 1893 209 1943 ude
220 1892 291 1942 idem
300 1893 371 1942 snat.
381 1894 451 1955 conj.
481 1895 532 1943 Nec
539 1896 595 1944 dum
606 1897 679 1946 etiem
686 1911 735 1946 rere
744 1912 795 1959 quoe
805 1897 849 1956 sit,
859 1897 902 1944 uix
910 1901 932 1944 et
943 1894 990 1944 eidi
995 1895 1087 1944 credit:
1101 1895 1126 1942 in
1137 1893 1247 1944 Veneti.

136 1956 217 2007 Brix.
227 1957 333 2007 Viecnt.
344 1956 405 2007 Aid.
413 1958 514 2022 Gryph.
526 1961 596 2009 Mur.
605 1961 724 2025 aliisque,
734 1962 841 2010 Necdum
851 1956 923 2010 didm
933 1974 1026 2023 seseque
1036 1959 1074 2008 rui
1084 1964 1134 2008 tum
1145 1956 1248 2008 eredidit

136 2036 204 2080 ωας
222 2020 329 2071 Corrud.
338 2022 421 2085 dedit,
434 2023 542 2073 Necdum
552 2025 626 2074 etium
635 2040 685 2075 sese
694 2041 739 2088 qm
754 2026 797 2087 sit,
812 2026 878 2085 nisit,
895 2024 942 2072 siti
958 2024 1035 2074 credit
1044 2040 1053 2081 ,·
1077 2024 1193 2086 Lenncp.
1212 2023 1245 2072 sd

137 2085 244 2137 Cointir.
256 2099 275 2136 r.
292 2090 316 2136 7.
332 2101 358 2150 p.
378 2091 419 2137 st.
439 2089 506 2152 conj.
533 2090 640 2138 Necdum
656 2091 728 2140 etium
747 2105 796 2139 sese
813 2090 917 2139 obliuisci
937 2089 1027 2138 Theren
1038 2089 1132 2147 eredit,·
1143 2088 1247 2139 Marcii.

137 2151 249 2201 Necdum
259 2150 332 2201 etum
341 2166 391 2200 sese
400 2167 452 2215 quie
462 2152 506 2210 sit,
517 2159 568 2203 tum
576 2155 672 2218 perdito
687 2155 764 2204 credit
773 2171 783 2213 ,-
801 2153 893 2203 Heins.
915 2153 1022 2203 Necdum
1039 2153 1110 2202 etiem
1128 2167 1178 2201 me
1194 2151 1247 2215 ipsu

136 2229 208 2266 nesi
219 2220 272 2266 tum
281 2216 383 2265 eredidit
396 2230 453 2266 erse.
487 2218 561 2268 Lect.
581 2224 681 2284 nostru,
699 2219 756 2269 eliis
769 2219 824 2283 jem
841 2218 960 2284 prebete,
981 2217 1093 2268 debetur
1111 2216 1247 2266 Verrio.—

639 2379 749 2433 unnu
797 2448 802 2455 ⁸

171 2499 207 2547 tt)
223 2494 287 2545 Hac
295 2495 378 2560 mstis]
402 2496 539 2559 Purpureo
549 2496 674 2559 strepitis,
715 2493 819 2554 ruisset,
829 2510 845 2544 u
856 2508 883 2543 re
896 2500 983 2544 tumen
1001 2492 1033 2542 ud
1050 2496 1143 2541 nentes
1154 2490 1248 2554 longis·

136 2570 674 2638 inqnumiroertiiicioeruntvnriaeimu·
714 2572 779 2621 sime
791 2568 923 2620 discedit.’
956 2569 1040 2618 Recte
1059 2565 1163 2631 quidem
1184 2565 1247 2615 (ωτι

138 2649 215 2713 ψει
239 2654 269 2698 et
287 2646 377 2712 figure
394 2646 568 2713 Antiquomm
586 2648 674 2709 pictae,
714 2648 810 2706 rudus3
835 2645 938 2708 longior
948 2650 991 2693 ert
1001 2642 1069 2691 enim
1087 2641 1132 2690 ilis
1149 2640 1247 2704 digres-

137 2725 167 2775 ie
183 2723 280 2790 quibos
297 2723 398 2774 Febris
409 2723 539 2781 Ariadnes
557 2723 674 2773 contine·
714 2725 761 2786 sio,
778 2738 854 2789 qnam
874 2719 1014 2786 querenti
1034 2724 1122 2783 posset
1138 2719 1165 2767 in
1183 2717 1249 2767 Ore·

122 2800 229 2854 ,numu
714 2806 789 2860 tore;
813 2800 860 2849 sed
879 2797 1033 2860 Poetarum,
1043 2794 1154 2844 inaximo
1174 2793 1249 2857 Lysi·

144 2906 150 2911 ·
172 2881 208 2929 θ
224 2879 333 2941 quue
343 2877 489 2942 fluentisono
507 2876 588 2925 littere
605 2873 673 2938 Dte]
714 2891 813 2940 corum,
823 2876 874 2926 uiis
885 2880 926 2926 est
937 2872 1031 2939 egendi
1042 2871 1119 2930 ratio,
1130 2875 1161 2920 nt
1178 2884 1247 2920 eom·

139 2953 303 3019 Digrediens
314 2953 430 3003 Cernitur
442 2952 535 3015 incipit
547 2950 674 3000 Ariadnes
715 2953 808 3018 probet
817 2952 912 3002 Horat.
921 2964 966 3001 ru.
977 2948 1029 3001 od.
1040 2952 1081 2998 11.
1092 2946 1134 2997 nbi
1143 2953 1249 3010 arrepts

141 3029 268 3080 Fsbniem
279 3042 397 3090 neuere,
409 3033 488 3092 prout
506 3034 564 3076 eret
582 3027 609 3075 in
629 3026 675 3076 iiio
714 3030 850 3080 occasione
862 3044 877 3077 e
888 3028 987 3078 Fennis
997 3025 1030 3074 de
1042 3023 1127 3073 Densi
1138 3021 1247 3073 diturum

141 3111 236 3170 tepere
254 3105 397 3169 descripte.
436 3104 510 3154 ‘Hic
529 3110 616 3153 entem
636 3116 675 3152 re·
714 3105 851 3170 supplicio,
862 3101 1006 3166 digreditur
1017 3100 1051 3150 ed
1063 3114 1135 3149 suern
1148 3098 1247 3163 Lyden,

140 3180 268 3246 prehendi
285 3181 354 3231 solet
371 3179 509 3243 creditur:
529 3180 614 3244 inquit
630 3179 676 3228 Se·
715 3197 791 3248 quum
812 3179 908 3229 similes
928 3191 1016 3240 poenss
1036 3189 1143 3225 munere
1163 3176 1210 3235 sit,
1226 3175 1249 3222 si

141 3257 275 3309 bestisnns
286 3257 426 3323 Corradus,
441 3257 529 3323 ‘qnod
542 3258 575 3307 ad
584 3257 675 3306 Thesei
717 3263 858 3308 contumax
879 3267 936 3303 esse
956 3257 1057 3316 perpet.
1099 3250 1153 3300 Diu
1171 3263 1249 3312 porro
1343 3273 1357 3295 0

141 3341 171 3385 et
179 3331 311 3384 Ariadnes
324 3335 447 3384 Fubnium
456 3334 494 3383 itu
504 3332 675 3396 digrediatur,
717 3334 813 3384 dicitur
822 3330 912 3379 Naxos
924 3327 1008 3377 insutu
1019 3327 1095 3374 muris
1106 3324 1188 3386 AEgei
1197 3338 1249 3372 nne

144 3410 312 3475 suprapositi
324 3409 421 3460 obiitne
438 3423 494 3458 erse
511 3408 638 3471 videntur,
648 3413 676 3457 et
717 3425 732 3460 e
750 3404 918 3471 Cycladibus,
938 3417 996 3467 quse
1016 3401 1094 3450 etiem
1106 3397 1184 3449 dictu
1199 3395 1251 3448 init

141 3485 291 3537 nehemle
300 3485 328 3534 in
343 3499 375 3534 en
392 3483 551 3549 digressione
563 3483 602 3533 ite
611 3482 676 3532 mul·
717 3480 891 3546 ‘strongyle'
907 3476 1077 3542 ‘Cuilipoiis'
1092 3483 1120 3528 et
1135 3477 1250 3541 ‘Diony-

143 3568 187 3615 ω
202 3568 255 3624 est,
273 3561 366 3612 utrix
385 3559 492 3611 defendi
513 3559 605 3623 possit,
627 3559 675 3608 nisi
717 3561 784 3613 sius!
825 3559 956 3609 linconen
966 3555 1108 3621 appulisset
1118 3556 1249 3617 'lireseus3

142 3638 217 3691 flent
243 3639 337 3703 uliquis
360 3638 433 3687 ilium
453 3636 551 3686 Podtus
570 3636 677 3701 luprieos
717 3640 867 3690 Minotauro
875 3631 1027 3696 interfecto,
1036 3631 1251 3684 rediensecretu

142 3730 201 3767 esse
211 3715 352 3778 imitatum,
367 3715 411 3780 qni
422 3729 482 3764 cum
491 3726 575 3778 neque
587 3714 677 3777 grevia
717 3713 857 3775 Ariadnen,
867 3709 942 3774 cnjus
953 3722 1004 3773 ope
1015 3709 1100 3759 victor
1115 3708 1251 3781 extiterat,

143 3805 231 3857 seque
239 3789 527 3855 argumentantem,
543 3803 639 3854 crenus,
649 3797 678 3840 et
717 3797 746 3840 st
757 3803 816 3854 quun
827 3790 886 3837 eirm
899 3791 979 3834 noctu
998 3784 1065 3834 clem
1083 3781 1250 3833 recedentem

143 3868 198 3921 etis
214 3868 242 3918 id
261 3882 352 3932 genus,
377 3865 560 3931 profiteantur,
578 3866 678 3930 longius
717 3874 809 3917 secute
820 3863 916 3927 tuerat,
927 3863 1097 3913 dormientem
1105 3857 1251 3922 aufugiens,

143 3943 252 4010 asperi
278 3950 405 4008 possunt;
430 3948 460 3992 ut
478 3942 608 3993 Pindsrus
626 3957 677 3993 non
718 3951 747 3994 et
758 3942 862 4007 sucepti
870 3939 989 3992 beneficii
1003 3938 1145 3995 immernor,
1152 3933 1250 3984 ibidem

143 4035 216 4086 sape
227 4020 314 4084 modo,
325 4019 372 4070 scd
388 4033 491 4084 semper
502 4019 557 4070 fere
568 4018 641 4083 feeit,
651 4029 679 4070 et
719 4019 867 4082 dereliquit.
907 4015 972 4064 (ium
984 4024 1045 4060 vero
1056 4008 1171 4058 Ariadne
1182 4024 1251 4061 som·

144 4098 296 4164 maestior
305 4097 332 4147 iu
343 4097 457 4161 Pythiis,
468 4095 513 4146 ubi
528 4110 587 4146 eum
599 4095 679 4147 Arce·
719 4111 753 4147 ne
765 4089 952 4159 expergefacta
963 4101 1020 4139 sese
1030 4083 1159 4150 proditum
1170 4094 1199 4137 et
1206 4087 1251 4138 de·

144 4175 238 4228 situum
245 4162 297 4239 pro
314 4174 470 4240 Demophito
481 4185 573 4239 rogere
585 4173 679 4239 consti·
719 4173 844 4223 relictum·
855 4164 1039 4227 intellexisset,
1056 4168 1085 4212 et
1103 4158 1136 4214 de
1148 4163 1249 4238 Theseo
