2774 4702
527 321 681 368 GARMBN
710 322 790 370 alx.

499 568 705 635 CARMEN
727 569 827 636 LIX.

452 735 501 782 os
518 722 620 784 nuri
637 737 683 783 ur
702 725 867 786 nouato.

238 869 502 933 Bononiensis
518 868 611 934 Rufa
625 868 788 935 Rufulum
804 870 907 950 fellat,

239 969 335 1034 Uxor
350 970 498 1049 Meneni,
513 991 605 1055 saepe
620 993 719 1056 quam
733 973 980 1055 insepulcretis

241 1071 384 1136 Vidistis
400 1073 476 1155 ipso
492 1091 606 1156 rapere
622 1070 755 1154 derogo
772 1093 915 1151 coenam,

240 1171 324 1236 cum
340 1172 530 1238 devolutam
544 1194 588 1237 ex
604 1175 679 1255 igne
692 1194 902 1258 prosequens
917 1192 1039 1257 panem

238 1272 294 1337 Ab
311 1275 469 1339 semiraso
484 1275 673 1341 tunderetur
686 1283 808 1340 ustore.
831 1297 834 1302 ·
1186 1279 1211 1343 5

137 1421 180 1470 An
192 1419 257 1480 Rufa
268 1422 313 1470 illa
328 1422 484 1472 Bononiensis
493 1425 568 1473 eludit
588 1424 722 1483 Rufulum?
737 1441 769 1475 on
780 1427 865 1487 comas
877 1427 921 1476 illa
939 1427 1026 1486 Menii,
1036 1441 1106 1488 marn
1118 1430 1209 1489 specta·

105 1486 177 1534 cistis
181 1485 318 1547 frequenter
328 1487 355 1533 in
365 1487 439 1534 omtis
453 1490 572 1551 surripere
582 1489 726 1538 silicernium
737 1505 768 1538 ex
779 1492 828 1552 ipso
838 1493 903 1554 igne,
914 1494 1004 1554 qnando
1014 1496 1124 1554 appetens
1133 1491 1210 1539 cibam

104 1551 226 1613 delapsam
236 1565 248 1596 e
250 1549 352 1612 stamma
360 1557 522 1614 percuteretur
531 1567 547 1601 a
557 1553 684 1602 ianuariis
693 1552 848 1604 semitonsis?

573 1662 751 1683 W?

142 1730 154 1773 t
174 1725 291 1774 Priscam
304 1726 366 1775 lect.
371 1725 447 1783 fallet
457 1741 504 1790 pro
510 1726 582 1786 fellat
592 1728 724 1778 revocarit
735 1729 801 1778 Scal.
831 1728 898 1788 Rasa
908 1726 1105 1786 Redumsellatia
1115 1727 1209 1777 Venet.

106 1805 145 1838 nre
154 1803 249 1837 rarsam
262 1790 333 1847 fallit
347 1792 372 1837 in
385 1805 465 1854 marg.
479 1791 520 1839 ed.
532 1792 632 1890 Grpph.
645 1808 686 1855 ap.
701 1793 829 1843 Boea-2
845 1795 928 1842 Vetus
941 1791 1071 1852 scriptura
1081 1799 1131 1855 est,
1144 1793 1212 1841 Uxor

107 1855 216 1909 aemma·
232 1852 300 1901 udde
309 1855 377 1903 Scal.
389 1855 485 1903 Uxorne
497 1856 576 1904 Meni.
598 1859 692 1920 ‘quem
705 1871 842 1920 perperam
850 1859 968 1921 sequitur
978 1855 1039 1918 Bip.
1049 1869 1105 1904 uam
1115 1863 1211 1918 prater

106 1918 267 1980 Scaligerum
284 1925 399 1966 veterem
416 1918 486 1967 illam
498 1920 652 1983 scripturam
664 1935 740 1970 nemo
751 1922 859 1984 reperit,
877 1922 956 1970 immo
967 1934 1054 1968 omues
1066 1920 1142 1969 codd.
1155 1919 1210 1984 qui·

108 1983 157 2030 bus
169 1982 252 2031 ceteri
261 1983 417 2045 interpretes
435 1983 475 2030 usi
491 1989 550 2032 sunt
571 1990 720 2033 constanter
735 1992 839 2035 servant
854 1987 922 2034 Uxor
933 1983 1045 2033 Meneni:
1062 1984 1163 2047 siguum
1174 1983 1211 2033 iu·

108 2046 261 2107 terrogaudr
272 2055 330 2108 post
343 2047 448 2108 Meneni,
464 2053 491 2094 et
503 2047 528 2095 ln
560 2049 944 2112 ne,apparetiuCant.’Doer.
977 2047 1008 2100 In
1024 2048 1120 2098 Venet.
1137 2048 1213 2110 sepel-

106 2110 172 2157 ebris
183 2123 230 2172 pro
240 2111 433 2171 apamenis-a
451 2111 647 2174 Marcomeres
659 2127 716 2173 rogo
722 2129 732 2170 ,-
754 2114 779 2161 lu
793 2113 849 2162 aliis
862 2120 927 2162 rett.
937 2125 1044 2173 mperes
1054 2126 1128 2172 rogo:
1139 2111 1208 2160 Stat.

108 2173 186 2223 codd.
196 2173 292 2222 babent
302 2187 384 2235 rapere
395 2175 424 2222 de
434 2181 547 2235 roga-b
565 2175 603 2224 Ao
613 2177 725 2225 semiraso
735 2176 761 2226 iu
772 2177 849 2227 codd.
875 2178 898 2226 A
909 2177 1021 2226 semiraso
1033 2176 1059 2222 iu
1071 2175 1130 2224 edd.
1143 2181 1210 2226 vett.

107 2239 246 2286 tonderetur
255 2237 332 2286 Voss.
341 2252 375 2286 ex
385 2239 542 2287 auctoritate
551 2239 617 2303 plur.
628 2240 749 2289 librorum
761 2248 826 2290 vett.
839 2247 867 2290 et
880 2241 955 2290 sicin
966 2239 1066 2301 Gryph.
1078 2247 1105 2288 et
1116 2240 1211 2289 Vener.

108 2316 152 2350 su.
168 2305 240 2351 15⁰0.
260 2301 356 2364 accipit
374 2308 460 2350 antem
481 2303 557 2351 Voss.
574 2303 708 2353 ‘tondere’
748 2319 776 2354 ro
796 2303 948 2366 ‘vellicare,f
974 2301 1105 2364 traderess
1128 2305 1213 2352 ‘lace-

108 2364 183 2413 rare'
200 2371 228 2414 et
244 2365 370 2429 ‘carptim
382 2362 479 2429 ferirc,'
500 2372 529 2415 et
548 2366 623 2416 addit
634 2369 802 2430 penultimam
819 2383 890 2418 more
907 2369 1014 2434 antiquo
1033 2366 1059 2415 in
1077 2368 1212 2418 tonderetur

108 2429 216 2492 corripi.

609 2496 715 2546 NOTAE

143 2591 158 2636 1
183 2586 342 2636 Bononiensis
363 2586 431 2646 Raso
445 2588 518 2648 fellat
548 2589 642 2657 [solid]
682 2590 741 2639 ideo
758 2590 792 2641 sit
814 2591 943 2641 silicernia
959 2590 985 2640 iu
1001 2589 1153 2654 sepulcretis
1170 2603 1213 2639 ro·

107 2663 247 2712 Sententia
265 2663 462 2726 Epigrammatis
482 2674 522 2715 est
543 2664 643 2726 Rufum,
682 2681 750 2717 rare.

109 2754 169 2804 quar
179 2752 264 2801 nuper
276 2746 349 2788 tanta
360 2740 447 2803 iuopia
456 2740 603 2800 laborabat,
613 2748 644 2790 ut
715 2746 730 2791 a
742 2743 835 2805 Rapere
844 2743 874 2790 de
884 2755 940 2803 rogo
951 2741 1049 2804 conam]
1062 2740 1213 2791 Extremam

109 2814 223 2866 emedia
240 2813 341 2863 flamma
351 2816 437 2864 cibum
455 2824 566 2879 peteret,
574 2830 643 2866 nunc
683 2824 827 2882 egestatem
839 2817 925 2880 arguit
936 2817 1004 2864 illius
1016 2814 1099 2878 Ruiae,
1109 2831 1166 2880 quar
1178 2829 1212 2864 ex

108 2891 224 2955 superbo
235 2888 307 2940 fastu
319 2890 406 2940 Rufuli
423 2893 533 2940 nutantis
552 2906 643 2955 preces
682 2895 738 2957 ipsa
764 2892 868 2942 flamma
902 2891 1021 2956 rapiebat
1048 2891 1213 2955 silicernium,

109 2965 228 3017 eludere.
270 2966 394 3014 Nonnulli
409 2968 510 3030 legunt,
522 2965 605 3029 salat,
615 2974 643 3017 et
684 2970 753 3034 quod
771 2982 861 3018 rorare
879 2976 975 3033 posset·
1008 2967 1212 3032 Nomiusepal·

110 3042 203 3092 rolant
214 3040 377 3099 sumisollore
388 3043 523 3105 antiquum
535 3041 643 3091 verbum
682 3043 762 3093 cretis
782 3043 886 3091 ustrinae
904 3048 988 3102 eraut,
1005 3056 1064 3106 quaa
1085 3040 1213 3105 sepulcris

111 3118 261 3183 profallere,
272 3117 364 3167 eodem
382 3117 459 3168 modo
476 3133 527 3182 qno
545 3134 641 3170 nonore.
682 3119 892 3183 applicabantur,
904 3117 937 3166 ad
957 3131 1019 3181 quas
1036 3117 1128 3167 culinae
1139 3123 1213 3166 erant

110 3192 230 3255 Attius,‘
241 3193 325 3242 Tanta
337 3192 526 3243 utfrustraudo
538 3209 643 3258 vanans,
682 3193 818 3258 inquibus
836 3193 1001 3254 silicernium,
1019 3192 1038 3240 l.
1058 3207 1081 3240 e.
1099 3190 1215 3241 funebris

110 3271 214 3318 lactans
225 3268 379 3331 protrahat!
403 3269 468 3320 Quae
482 3269 570 3331 verba,
582 3270 590 3298 ‘
600 3285 643 3319 va·
682 3284 756 3318 coeua
764 3267 932 3332 coquebatur,
941 3281 1016 3331 quam
1025 3275 1131 3328 gustare
1141 3265 1214 3315 nefas

110 3344 547 3408 nare,’‘lactare,'‘fallare,'idem
560 3359 642 3410 prope
682 3353 756 3394 erat:
782 3344 851 3392 uude
872 3350 960 3391 tamen
991 3342 1061 3391 cibos
1085 3348 1113 3391 et
1134 3355 1214 3405 panes

111 3418 267 3483 significant,
285 3419 312 3469 id
332 3421 400 3468 euim
420 3427 470 3483 est,
491 3418 575 3469 ‘talus
596 3435 643 3484 spe
682 3418 777 3482 saepins
799 3431 926 3482 pauperes
943 3423 972 3467 et
990 3417 1107 3466 scortilla
1130 3415 1214 3480 rapis·

111 3495 276 3561 producere!
308 3493 363 3546 Alii
375 3497 473 3559 legunt,
481 3495 564 3558 fellat,
574 3496 644 3561 quod
683 3495 755 3546 baut.

110 3571 180 3622 idem
192 3578 233 3620 est
245 3570 427 3635 ac‘exsugit‚'
439 3570 508 3634 quod
519 3585 569 3620 nou
578 3571 644 3621 male
715 3575 731 3619 6
756 3569 795 3620 Ab
813 3567 924 3618 semiraso
944 3567 1034 3631 miore]
1066 3566 1214 3631 ‘Ueterem'

111 3646 486 3709 couvenitillimeudicabulo,
501 3647 545 3696 cui
563 3645 645 3697 num·
684 3661 729 3696 seu
752 3645 906 3696 ‘bustuarii'
929 3652 1004 3695 erant
1024 3645 1053 3707 ii,
1080 3647 1125 3711 qui
1146 3645 1214 3709 rogis
1285 3694 1289 3702 ,

109 3714 354 3774 luisetradide'rat.
685 3722 917 3786 comburendisque
927 3721 1096 3772 cadaveribus
1108 3735 1215 3785 operam

143 3798 250 3850 wear
271 3795 369 3848 Meneni
389 3797 499 3860 [Unorne
512 3796 589 3861 Meni]
618 3798 645 3851 Is
685 3798 823 3848 loeabsutr
842 3803 899 3846 erat
915 3795 1215 3859 autemabjectissimum

111 3875 169 3938 ipse
179 3873 284 3923 Meuius
296 3873 399 3923 ridetur
409 3888 475 3937 esse,
484 3872 518 3923 de
530 3887 581 3937 qno
592 3874 646 3923 Ho-
686 3884 766 3936 genus
791 3873 993 3936 mancipiorum
1019 3885 1078 3920 uam
1098 3869 1213 3918 semirasi

111 3957 162 4001 rat.
178 3950 285 4013 scripsit
298 3957 411 4013 ‘paterna
429 3957 508 4013 atque
529 3956 647 3999 materna
686 3956 761 3999 erant
772 3951 816 4014 qui
828 3949 860 3999 ad
878 3948 980 4012 aliquod
998 3961 1062 4009 opos
1080 3945 1214 4009 publicum

112 4028 184 4078 bona
194 4027 363 4096 abligurisse3
382 4026 517 4089 ‘Meuius,
527 4034 556 4076 ut
568 4025 645 4077 rebus
685 4027 802 4080 damuati
813 4033 905 4087 craut3
932 4031 961 4074 ut
971 4023 1005 4073 ad
1013 4021 1171 4087 molendina,
1179 4021 1215 4072 ad

110 4103 238 4152 maternis
249 4109 327 4168 atque
339 4102 454 4166 paternis
472 4101 588 4151 Fortiter
603 4099 646 4153 ab·
686 4118 794 4165 remum,
813 4110 841 4153 et
863 4098 991 4151 cadavera
1010 4095 1150 4162 efferenda,
1169 4098 1214 4170 qai

113 4179 224 4230 summ:
256 4178 333 4231 Adeo
348 4185 376 4229 ut
397 4179 456 4244 ejus
472 4192 537 4229 uxor
553 4184 646 4231 coacta
686 4187 714 4230 et
730 4185 737 4208 ‘
751 4174 913 4242 vespiliones'
923 4173 1083 4225 dicebantur.
