2774 4702
553 344 710 396 clauus
736 343 840 394 leV.

139 489 214 558 Aut
228 498 264 557 ut
275 497 375 556 vecta
389 490 470 556 ratis
486 509 649 574 spumosa
663 492 707 557 ad
719 491 834 557 littora
848 488 925 556 Diae
939 493 954 554 l

139 591 215 658 Aut
227 599 265 658 ut
279 612 355 657 eam
369 592 455 657 tristi
470 592 661 658 devinctam
674 595 799 658 luminu
814 611 933 658 somno

142 695 298 779 Liquerit
308 687 491 760 immemori
506 695 681 761 discedens
694 701 829 780 pectore
844 695 998 779 conjnxl

142 796 350 897 Saepe-illam
362 796 534 880 perbibent
548 797 677 862 ardenti
692 797 793 864 corde
806 799 965 862 furentem

141 898 340 964 clarisonas
355 900 424 963 imo
438 898 598 964 fudisses
613 904 751 984 pectore
767 920 884 979 voces,
1181 904 1247 971 125
1328 966 1332 973 .

138 1000 196 1067 Ac
211 1006 283 1066 tum
296 1008 485 1086 praeruptos
500 1004 623 1067 tristem
635 1004 859 1068 conscendere
873 1009 1014 1082 montes,

143 1102 243 1168 Unde
258 1104 365 1167 aciem
377 1104 412 1166 in
426 1104 538 1186 pelagi
553 1110 668 1168 vastos
682 1103 892 1186 protenderet
906 1112 1032 1170 aestus:

141 1205 231 1269 Tum
245 1205 376 1269 tremuli
391 1205 473 1269 salis
487 1203 647 1269 adversas
661 1224 852 1288 procurrere
866 1206 902 1270 in
915 1207 1023 1273 undas

143 1304 269 1372 Mollia
283 1305 419 1371 nudatae
435 1306 601 1371 tollentem
618 1307 764 1389 tegmina
779 1327 886 1372 surae:

143 1406 259 1492 Atque
274 1408 347 1472 heeo
360 1403 523 1471 extremis
536 1398 695 1472 moestam
709 1405 838 1472 dixisse
851 1409 1009 1491 querelis,
1183 1413 1248 1480 130

143 1509 336 1593 Frigidulos
352 1508 418 1572 udo
434 1508 596 1590 singultus
610 1528 666 1573 ore
682 1503 906 1574 cientcm':—'

145 1613 279 1678 Siccine
294 1631 348 1675 me
359 1610 478 1694 patriis
493 1616 662 1687 avectam,
677 1611 814 1695 perfide,
830 1612 873 1677 ab
888 1613 967 1691 oris,

136 1711 287 1791 Poride,
303 1711 436 1776 deserto
449 1713 583 1796 liquisti
597 1713 632 1775 in
646 1712 769 1792 littore,
783 1712 941 1778 Theseui

144 1815 280 1881 Siccine
292 1814 484 1894 discedens,
499 1815 651 1897 neglecto
663 1816 795 1879 numine
812 1815 949 1895 Divum,

145 1917 326 1983 Immemor
341 1917 400 1983 ab!
423 1918 545 1984 devota
560 1919 694 1984 domum
709 1920 856 2005 perjuria
871 1922 1009 2004 portast
1182 1921 1248 1988 135

143 2102 210 2153 sodo
220 2099 289 2150 uuis
301 2099 385 2150 ibesei
400 2102 432 2149 ud
449 2106 583 2163 spumantes
593 2115 646 2149 oras
658 2100 753 2150 Insulss
765 2100 823 2151 Dia
834 2102 933 2166 appulsu
942 2107 992 2153 est:
1008 2103 1046 2152 nel
1059 2104 1171 2166 quomodo
1181 2119 1250 2167 sporo

140 2178 183 2215 sus
192 2163 321 2227 susugim
330 2165 408 2213 eninm
419 2165 515 2228 ingrato
522 2166 589 2214 ittam
597 2167 727 2214 deseruerit
737 2165 860 2226 sicrestum
870 2182 976 2217 urinum
985 2168 1147 2217 dennientern.
1181 2170 1248 2218 Nur·

142 2235 199 2280 runt
220 2244 274 2280 earn
290 2228 430 2291 frequenter
444 2229 567 2294 stupenti
582 2229 669 2290 ,tritone
686 2244 818 2280 cumensem
834 2246 919 2293 graues
938 2247 970 2281 ec
983 2232 1067 2281 intimo
1083 2233 1153 2282 eorde
1168 2249 1250 2296 quere·

143 2295 179 2344 im
192 2295 297 2345 eninm
304 2309 314 2352 ,¹
330 2299 355 2342 st
373 2308 425 2342 snm
444 2296 512 2342 modo
530 2296 592 2343 ιὶιοι
603 2300 692 2342 montes
705 2296 835 2344 mendicae
847 2301 988 2359 mmenteru,
1003 2297 1065 2346 unde
1079 2297 1157 2346 ocutos
1172 2297 1250 2347 inten-

142 2360 208 2410 unes
218 2358 246 2409 is
256 2359 394 2408 immensum
404 2373 484 2407 mure:
501 2361 568 2407 modo
578 2373 630 2408 eum
641 2359 667 2408 in
682 2360 763 2422 rapidi
773 2361 855 2422 pelugi
865 2362 995 2410 sorbarios
1006 2359 1098 2424 fluetus
1108 2362 1249 2423 sacunbse,

143 2422 243 2475 subtilis
261 2423 333 2472 nudoe
354 2421 421 2470 tidie
442 2427 578 2482 tegumento
598 2423 672 2471 nitius
690 2426 850 2484 reducentem,
867 2424 986 2487 ipsumque
1004 2425 1114 2485 vociter
1135 2426 1249 2475 domem

142 2487 239 2550 agnis
253 2485 390 2549 gemitibus,
408 2491 431 2534 et
446 2501 486 2536 ore
507 2487 600 2536 madido
610 2487 715 2550 suspiria
733 2488 870 2548 languentia
882 2488 1025 2550 tradentem,
1041 2488 1091 2537 doee
1107 2488 1178 2537 subs
1195 2504 1250 2552 pro·

143 2552 240 2603 tulisse:
256 2551 336 2610 Itane,
352 2565 366 2598 o
372 2551 477 2650 perjure
496 2556 521 2600 et
539 2551 628 2616 perfide
639 2551 784 2612 'lbesemn
804 2553 885 2614 putria
905 2551 1029 2600 abductum
1046 2552 1192 2614 dereliquisti
1212 2568 1249 2601 nis

130 2612 379 2669 ‘humorum
417 2616 496 2677 itone,
512 2631 526 2664 o
544 2618 647 2678 ingrate,
666 2629 703 2663 nis
722 2617 837 2676 deserens,
852 2619 968 2664 contemto
986 2615 1102 2677 Deorum,
1122 2629 1169 2678 per
1203 2630 1249 2666 nos

143 2680 206 2733 urbi
214 2678 405 2743 fidemjursstl
421 2681 524 2743 numine,
534 2680 560 2728 in
578 2678 683 2742 putrium
691 2678 783 2729 seselis
792 2680 923 2729 execrando
931 2676 1057 2741 perjuria?
1087 2681 1128 2730 An
1157 2681 1163 2692 ”
1184 2680 1188 2690 “
1207 2695 1251 2745 po·

607 2797 789 2818 mm

144 2890 172 2935 et
183 2882 241 2933 aliis
256 2882 462 2934 deuictum—126
482 2879 607 2946 Ctnn'jiecs
621 2896 636 2931 e
652 2881 712 2932 cod.
726 2864 774 2931 sno
792 2879 910 2946 reposuit
921 2879 992 2930 Sosi.
1004 2879 1167 2945 improbante
1178 2881 1251 2933 Mar·

144 2948 271 2999 etl-lun
288 2947 320 2997 ln
338 2945 455 2995 omnibus
477 2945 546 2994 Stat.
568 2946 647 3006 codd,
663 2946 832 2997 tristis-432
849 2946 881 2995 ln
900 2945 1019 2996 omuibus
1034 2943 1111 2997 codd.
1130 2945 1250 2997 obsederis

144 3012 200 3063 sire
210 3018 327 3074 metum,
346 3017 376 3060 ut
387 3016 429 3060 est
444 3009 471 3059 in
490 3009 550 3058 edd.
571 3011 708 3075 antiquiss.
721 3012 747 3060 in
765 3009 827 3060 ΑΜ.
844 3019 872 3060 et
886 3009 1017 3073 nonnullis
1032 3009 1089 3059 sliis
1109 3009 1250 3062 adductans:

144 3076 221 3127 Voss.
240 3083 269 3127 st
286 3075 327 3126 ed.
344 3089 419 3125 enon.
436 3083 611 3137 reposuerunt
628 3075 657 3125 nt
672 3077 732 3138 oris,
752 3075 881 3139 probante
898 3075 988 3125 Burm.
1006 3077 1119 3124 rn-ltd
1145 3074 1176 3124 ln
1194 3077 1249 3125 aliis

643 3217 754 3271 NOTAE

176 3323 226 3371 ltu
243 3318 337 3370 Siccine
347 3332 384 3369 me
397 3318 608 3382 patrimoniorum,
624 3333 678 3380 per·
718 3317 777 3367 darn
790 3316 905 3381 perjuris
915 3316 1011 3380 lingua
1028 3314 1145 3377 Fleuisti,
1162 3315 1250 3378 ignoto

137 3397 239 3464 ffi‘s‘b
249 3396 309 3459 oris]
342 3396 516 3448 Querelsrnrn
533 3402 572 3442 est
585 3394 678 3444 Arisd·
718 3394 773 3442 sols
784 3392 876 3441 relicta
888 3393 981 3441 muri·
996 3391 1040 3442 Sic
1052 3390 1148 3441 cecinit
1165 3405 1211 3454 pro
1223 3398 1250 3440 ts

117 3481 121 3489 '
144 3486 191 3523 uss
202 3471 347 3536 exordium,
357 3471 430 3534 cujus
447 3484 509 3519 sune
527 3469 611 3518 oratio
626 3483 679 3518 om·
719 3468 819 3532 doctus,
836 3468 930 3531 Minoi,
950 3469 1077 3531 Catullus,
1095 3467 1196 3532 Ingrati
1210 3483 1250 3520 re·
1316 3462 1320 3469 ’
1343 3533 1346 3537 ¹

145 3549 186 3598 uis
198 3548 342 3612 pstlretics,
357 3552 386 3596 et
405 3546 439 3595 ad
455 3545 609 3595 movendum
626 3546 679 3595 sni·
718 3542 806 3595 ferens
816 3544 898 3608 impis
909 3543 980 3595 factu
991 3542 1055 3595 visi!

145 3638 215 3675 mum
243 3623 396 3687 compositu,
424 3621 544 3671 brevibus
576 3627 681 3671 constat
752 3623 800 3670 135
826 3619 922 3671 Dsoets
947 3620 1057 3685 periuris
1075 3621 1171 3684 portus]
1198 3621 1251 3670 Re·

145 3700 334 3767 conterminet
354 3702 451 3752 crebris
469 3700 610 3765 figurarum
625 3715 679 3751 mu·
719 3697 772 3750 fers
783 3697 809 3748 in
820 3698 931 3762 patrium
947 3706 1035 3748 tecum
1051 3697 1169 3762 perjuris
1186 3698 1249 3746 meis

145 3781 300 3844 titionibus,
309 3779 383 3829 velut
399 3779 468 3827 luter
488 3783 567 3828 aestus
578 3778 679 3827 iracun·
718 3773 948 3839 imprecationibus
956 3778 1088 3835 excursis,
1096 3778 1124 3822 et
1135 3787 1183 3835 pro
1196 3773 1251 3835 qui·

145 3857 197 3907 dire
216 3855 334 3907 fluctuet.
376 3855 454 3905 Hauc
473 3860 501 3903 nt
518 3853 679 3917 elegantissi·
720 3850 768 3901 bus
780 3858 852 3902 tuum
863 3857 943 3915 caput
954 3849 1018 3899 diris
1027 3845 1129 3897 devovi.
1161 3847 1250 3904 Deru·

145 3928 215 3983 murs
223 3932 257 3981 sd
265 3931 374 3982 verbum
383 3930 450 3995 pene
458 3930 592 3980 transtulit
601 3929 679 3981 Ouid.
720 3933 762 3977 tus
772 3928 840 3976 enirn
852 3927 947 3990 sepius
962 3924 1032 3974 idem
1049 3931 1091 3970 est
1102 3934 1132 3969 sc
1144 3918 1212 3967 votis
1223 3922 1250 3966 rt

145 4006 173 4059 in
186 4007 273 4071 Epist.
284 4006 414 4056 Ariadnes
425 4006 459 4055 sd
470 4006 607 4057 Tbeseum.
719 4003 783 4054 diris
795 4004 904 4067 petitus.
938 3999 1026 4048 Tibul.
1042 3996 1088 4045 lib.
1100 4008 1120 4045 1.
1138 3995 1212 4058 Eleg.
1224 3999 1249 4044 s.

180 4091 229 4137 lut
254 4085 359 4152 Fufiis,
376 4087 468 4136 deserto
487 4084 620 4148 dissidiis
638 4083 678 4133 iit·
719 4080 810 4130 ‘Tunc
819 4094 861 4130 me
868 4076 1005 4128 discedens
1015 4072 1137 4123 devotum
1145 4070 1252 4123 furnius

146 4163 212 4227 tsrs]
233 4162 334 4213 Putbos
344 4169 386 4212 est
396 4177 412 4212 s
422 4162 490 4211 loco.
523 4159 622 4210 Tibull.
635 4159 678 4208 lib.
719 4155 803 4209 dxii!

146 4252 192 4290 ιιι.
203 4236 281 4304 Els'g.
291 4243 316 4291 ⁶.
331 4238 339 4270 ⁴
353 4239 472 4302 Gnossiu,
481 4235 591 4288 rnen·
600 4248 679 4301 quon·
