2774 4702
136 277 206 344 136,
243 313 247 322 ·
487 294 518 339 c.
543 291 699 342 vuunnrr
724 291 889 343 cunnum

269 435 382 500 Dulce
397 433 566 515 ridentem,
582 436 704 500 misero
720 437 813 520 quod
828 457 943 504 omnes

266 535 375 619 Eripit
390 553 508 601 munus
523 535 625 603 mihi:
647 557 723 603 nem
738 539 836 605 simul
849 544 892 619 te,
992 546 994 550 “
1031 540 1033 543 ’

268 637 403 716 Lesbia,
418 640 551 722 aspexi,
565 640 648 704 nihil
663 647 718 705 est
732 660 833 725 super
846 642 894 707 mi

485 739 508 783 s
636 741 659 785 s
788 741 811 785 s

258 839 398 923 ,Lingua
413 841 472 905 sed
487 845 618 924 torpet:
642 826 752 909 tenuis
768 843 832 908 sub
847 848 938 908 artus

269 939 421 1004 Flamma
434 940 601 1006 dimanat:
626 944 738 1008 sonitu
752 935 871 1028 suopte

267 1041 443 1107 Tintiuant
456 1061 571 1109 aures:
594 1045 723 1126 gemine
738 1051 894 1127 teguntur

431 1147 434 1157 ‘
487 1145 630 1211 Lumina
644 1151 748 1211 nocte.

272 1244 398 1324 Otium,
411 1243 553 1323 Catulle,
569 1247 632 1312 tibi
646 1246 821 1311 molestum
837 1252 907 1330 est3

270 1346 348 1411 otio
364 1347 510 1423 exultas,
526 1347 730 1432 nimiumque
745 1349 868 1430 gestis:

272 1447 389 1512 Otium
404 1454 437 1514 et
451 1467 544 1530 reges
559 1449 665 1530 prius,
680 1453 714 1513 et
727 1448 843 1513 beatas
996 1527 999 1533 ¹
1200 1457 1245 1520 15

487 1548 638 1613 Perdidit
651 1548 764 1612 urbes.

138 1716 232 1777 melici
241 1715 327 1765 adimit
337 1728 428 1764 omnem
437 1718 555 1773 merrtem
570 1728 627 1763 nura
642 1712 726 1763 rtatim
741 1717 811 1777 atque
820 1712 924 1778 spectari
935 1719 967 1776 te,
983 1728 998 1764 o
1009 1714 1103 1776 Melia,
1113 1715 1176 1766 ullu
1186 1718 1247 1768 milri

142 1781 242 1844 mplius
251 1783 365 1842 superest,
429 1777 444 1807 '¹
515 1777 530 1807 '¹
599 1777 685 1827 Verum
696 1777 780 1840 lingua
790 1792 848 1826 mea
857 1783 946 1841 stupet,
957 1779 1022 1840 Quis
1032 1780 1126 1830 cultilis
1134 1784 1247 1844 pervadit

143 1843 401 1903 meamcmbro,aures
410 1856 475 1891 mese
492 1841 583 1891 tinnitu
596 1842 691 1905 proprio
708 1847 827 1905 resonant,
845 1842 905 1891 oculi
921 1843 973 1892 mei
983 1844 1071 1906 duplici
1080 1846 1181 1908 caligine
1191 1861 1247 1909 ope·

142 1909 247 1958 ciuntur.
282 1907 306 1956 0
321 1907 424 1967 Catulle,
435 1906 510 1954 otium
520 1905 566 1954 tibi
574 1920 649 1966 grone
665 1910 708 1963 est,
720 1907 768 1954 otio
777 1906 909 1967 delectasio,
919 1920 995 1971 eoque
1004 1909 1059 1970 plus
1068 1924 1133 1974 equo
1143 1911 1248 1974 lectaria,

144 1973 189 2022 sed
202 1978 230 2021 et
240 1971 315 2020 otium
324 1970 414 2035 afflixit
425 1969 560 2034 aliquando
571 1970 694 2033 Principes
703 1968 814 2028 etselices
821 1970 936 2021 civitates.

605 2095 785 2118 ‘mmm

177 2186 192 2231 7
210 2182 242 2230 Iu
259 2180 388 2230 nonnullis
398 2179 465 2229 Stat.
477 2178 555 2228 codd.
573 2192 680 2241 suprema
691 2145 820 2243 prosaper
827 2180 869 2230 mi.
892 2178 1018 2230 Secundae
1034 2180 1110 2245 hujus
1121 2181 1249 2246 Strophes

48 2266 50 2269 ·
138 2244 252 2297 'ultimus
264 2257 353 2294 versus
364 2243 539 2294 desideratur:
562 2242 584 2292 is
606 2248 693 2290 auteur
713 2241 759 2306 qui
775 2245 853 2307 vulgo
870 2244 974 2306 legitur,
986 2244 1250 2311 Qardbpauomens,

145 2323 196 2360 non
206 2314 247 2358 eet
259 2309 355 2358 Catulli
366 2308 411 2357 sed
423 2306 566 2356 Parthenii.
585 2305 693 2357 Corrad.
710 2308 851 2371 supplevit,
866 2308 926 2358 Voce
941 2308 1094 2372 loquendam
1110 2317 1182 2360 certe
1194 2312 1251 2360 tale

145 2368 1251 2502 {littleitit‘iitriititettlttt‘ttitt·...litium

145 2505 162 2554 9
178 2502 210 2553 In
219 2500 373 2567 quibusoam
382 2507 478 2558 tenuere
489 2500 568 2549 male:
581 2512 639 2548 nam
648 2503 689 2548 est
699 2469 852 2564 iu’sapplrur
864 2500 925 2551 Ode
935 2498 1025 2549 umor
1033 2502 1152 2566 rip-1⁰
1169 2502 1250 2552 Voss.

145 2568 202 2617 vult
212 2569 295 2631 ruam
304 2565 421 2615 absolute
427 2565 544 2676 (positum
555 2577 603 2628 pro
615 2568 622 2590 ‘
632 2562 741 2638 sppnte,'
752 2563 777 2612 in
789 2578 865 2628 quam
876 2579 931 2613 rem
946 2564 1035 2613 laudat
1046 2565 1122 2615 Lucr.
1141 2578 1180 2617 vr.
1191 2570 1254 2616 ⁷⁵5.

145 2631 191 2680 sed
203 2631 240 2681 ibi
256 2632 282 2679 in
292 2637 361 2693 optt.
378 2629 426 2680 cod
447 2664 454 2679 .
469 2629 493 2689 le
514 2629 567 2677 itur
581 2642 624 2676 sao
643 2632 740 2677 ιιι-11
760 2627 874 2677 liniant
884 2629 912 2677 iu
923 2627 983 2678 edd.
994 2634 1061 2678 vett.
1073 2629 1147 2679 iacet.
1159 2638 1252 2680 nostra

145 2694 447 2745 estexcod.8cal.-18
476 2694 484 2721 ‘
520 2699 621 2756 perium
633 2692 778 2754 exemplum
790 2692 998 2756 interpolationis
1015 2693 1119 2741 mouisse
1136 2706 1168 2743 ac
1185 2695 1254 2743 stui-

52 2778 58 2785 ·
146 2765 189 2809 tae.
222 2758 258 2808 lis
286 2757 330 2821 qui
341 2758 452 2823 aliquem
464 2757 599 2807 literarum
608 2761 686 2818 atque
696 2756 861 2805 humanitatis
871 2770 973 2806 sensum
984 2755 1090 2818 hubent,
1100 2770 1150 2806 non
1161 2758 1251 2808 multis

145 2821 234 2873 verbis
251 2793 478 2871 demonstrandum
490 2826 540 2882 est,
548 2833 624 2883 quem
636 2818 728 2881 inepte
739 2819 774 2868 sit
784 2820 841 2869 hac
859 2820 974 2884 stropha,
985 2833 1085 2884 pannus
1096 2820 1122 2870 io
1151 2835 1252 2891 nrpure

166 2886 256 2948 ositos,
277 2892 306 2934 ut
317 2898 376 2933 curu
396 2884 489 2933 Naevio
510 2883 609 2947 loquar.
637 2881 755 2932 Catullus
768 2888 852 2932 toturn
863 2883 981 2948 Sapphus
993 2884 1104 2934 Carmen
1115 2836 1254 2948 ereganter

185 2949 246 2998 tinio
257 2947 344 2997 verbis
364 2953 539 3010 expresserat,
559 2952 586 2995 ut
605 2945 695 2994 ultima
708 2949 814 3024 stropha
825 2961 898 3010 reque
908 2962 939 2997 ac
951 2960 1039 2997 versus
1050 2956 1158 2998 octavos
1169 2949 1253 3013 periit

146 3013 189 3063 vel
198 3011 479 3071 incurialibrerlorum,
488 3011 531 3059 vel
543 3009 661 3072 quoniam
672 3010 752 3060 verbu
762 3026 790 3060 ru
802 3011 893 3061 codice
900 3011 1041 3062 obliterata
1050 3012 1102 3076 legi
1114 3027 1165 3063 nou
1176 3019 1253 3076 pote·

147 3084 214 3127 rant.
247 3077 354 3126 lacuna
372 3075 433 3125 iude
451 3073 530 3137 iacta,
546 3072 665 3123 librarius
676 3082 781 3124 nasutas
790 3090 821 3125 ac
833 3077 908 3125 nimis
918 3076 1028 3138 otiosus,
1037 3091 1071 3127 ne
1082 3076 1149 3142 quid·
1162 3077 1253 3130 codici

147 3140 262 3203 deesset,
277 3140 324 3190 iror
337 3154 426 3190 versus
444 3139 549 3200 videtur
563 3137 697 3202 adjecisse,
713 3145 741 3188 et
754 3140 890 3189 occasione
901 3154 958 3190 esse
969 3140 1072 3204 abusus,
1083 3156 1135 3206 qua
1144 3141 1212 3205 ipsc,
1221 3142 1252 3195 ia

148 3204 320 3255 describendo
336 3204 439 3260 Catullo
452 3203 547 3253 sudans
560 3210 639 3266 atque
650 3203 703 3250 otio
713 3203 800 3266 poitae
812 3204 940 3266 invidens,
958 3212 1073 3254 mentem
1083 3219 1156 3257 suam
1167 3206 1253 3269 stupi÷

148 3270 208 3321 dam
217 3269 369 3334 explicaret.
404 3269 498 3333 Neque
510 3266 623 3317 attendit
635 3267 713 3316 metri
724 3266 899 3318 deiectionem
913 3269 940 3317 in
952 3268 1038 3317 verbis
1050 3269 1135 3319 otiam
1147 3266 1253 3321 curili.

147 3334 281 3386 Credibile
292 3334 360 3384 enim
372 3338 423 3397 est,
435 3333 566 3384 Catullum
586 3331 678 3380 iisdem
698 3332 810 3382 numeris
831 3332 976 3382 reddidisse
991 3333 1102 3382 Carmen
1120 3333 1253 3397 Sapphus,

166 3398 217 3449 uod
230 3400 267 3448 ita
278 3399 406 3462 scriptum
418 3404 468 3460 est,
481 3403 511 3447 ut
529 3397 638 3461 epitrito
656 3397 771 3445 secundo
789 3411 879 3447 versus
891 3397 1027 3460 incipiant.
1060 3397 1120 3448 Hoc
1130 3408 1183 3446 uuo
1192 3399 1253 3447 loeo

186 3464 274 3512 rrninis
284 3463 406 3526 leguntur
416 3462 533 3524 troclrrei,
543 3461 621 3525 quod,
631 3460 736 3510 aliorum
748 3461 898 3509 Latinorum
914 3462 1177 3526 exempla-sequutus,
1187 3475 1257 3512 rem.

149 3539 197 3588 per
213 3527 325 3574 evitasse
344 3526 448 3575 videtur
466 3526 561 3589 poeta,
582 3539 643 3573 nam
654 3540 669 3574 e
679 3524 778 3574 duobus
790 3525 878 3574 carm.
889 3537 929 3574 ιι.
944 3524 1019 3587 locis,
1037 3525 1082 3590 qui
1093 3525 1190 3576 habent
1201 3533 1255 3576 tra·

149 3590 247 3703 gnos,
266 3589 332 3639 ulter
343 3591 462 3639 culratin
474 3589 583 3639 mendo!
601 3589 750 3639 Hand-15
768 3589 800 3637 ln
816 3588 969 3652 quibusdam
991 3589 1050 3639 edd.
1067 3597 1136 3640 vetts
1147 3591 1217 3640 simut
1227 3596 1256 3640 ct

177 3658 238 3704 aida

646 3733 753 3783 NOTAE

150 3848 222 3898 nasci
240 3853 341 3898 tantum
361 3862 395 3898 ex
412 3847 475 3911 otio,
491 3847 558 3911 quod
571 3846 681 3896 subinde
722 3847 824 3897 ‘Dulce
845 3847 931 3897 rideat
949 3847 982 3897 uri
1002 3840 1122 3911 petreio!
1157 3845 1256 3897 Horat.

149 3922 682 3988 multisregibus,mrrltisqueurbibusex-
722 3922 824 3972 ‘Dulce
852 3922 980 3972 ridentem
1009 3923 1123 3986 Lalagen
1143 3923 1259 3973 amand!

149 3998 191 4047 itii
202 4014 306 4050 causam
318 4000 398 4050 fuisse
409 3998 545 4063 significat.
723 3997 807 4061 Hujus
821 4011 899 4060 porro
910 3998 1037 4062 Strophes
1055 3999 1132 4048 deest
1148 3993 1258 4050 ultiniis

185 4074 294 4125 dDatce
314 4075 441 4138 ridentem]
469 4074 544 4125 idem
564 4075 680 4125 Catullus
722 4087 820 4122 versus.
1082 4141 1084 4145 Ι

154 4146 181 4196 iu
211 4149 387 4212 Epithalamio
414 4151 495 4203 Julirc
523 4157 551 4202 et
578 4150 680 4214 Manlii,
756 4150 785 4198 15
805 4147 889 4198 Otium
906 4154 930 4199 et
943 4147 1034 4212 Reges]
1049 4149 1183 4209 ‘Molestus
1197 4148 1262 4214 sirii,
