2774 4702
135 306 179 372 72
481 325 512 371 c.
536 321 696 371 venenu
721 322 888 372 ceruum

266 467 427 533 Lectores
442 467 548 545 eritis,
563 484 746 551 manusque
758 473 887 533 vestras

266 568 345 635 Non
360 569 535 635 horrebitis
549 569 725 634 admovere
739 570 856 634 uobis:

266 669 451 737 Peedicabo
467 690 528 755 ego
544 689 617 748 voe,
634 676 666 736 ct
680 671 858 735 irrumobo.

527 1340 732 1406 CARMEN
757 1340 841 1406 XV.

543 1528 593 1576 Au
611 1526 827 1576 AURELIUM.

264 1678 482 1742 Comunnno
498 1680 559 1742 tibi
573 1699 625 1742 me
641 1699 681 1742 ec
696 1697 790 1741 moos
806 1695 952 1752 emoneo,

265 1778 388 1844 Aureli.
431 1780 576 1844 Veniam
591 1785 670 1862 peto
683 1778 876 1861 pudentem,

265 1881 323 1960 Ut,
339 1883 377 1945 si·
385 1883 566 1965 quicquam
582 1883 693 1946 animo
708 1886 767 1945 tuo
783 1879 917 1963 cupisti,

265 1980 367 2059 Quod
381 1988 510 2046 castum
526 1988 716 2067 expeteres,
733 1987 767 2045 et
780 1979 982 2062 integellum,

265 2081 450 2149 conserves
465 2103 603 2167 puemm
617 2083 698 2148 mihi
713 2083 858 2167 pudice:

265 2183 346 2248 Non
360 2184 438 2249 dico
453 2204 474 2248 a
489 2186 636 2269 populo:
659 2184 739 2249 nihil
751 2201 903 2247 veremur

266 2284 369 2363 IstoS,
385 2288 443 2369 qni
458 2288 493 2351 in
508 2288 625 2371 platea
639 2286 739 2350 modo
755 2286 832 2363 huc,
847 2283 947 2349 modo
961 2280 1041 2345 illuc

265 2385 304 2449 In
318 2408 354 2452 rc
369 2396 573 2472 praetereunt
588 2409 650 2455 sua
663 2387 842 2471 occupati:

264 2485 392 2552 Verum
406 2509 427 2553 a
441 2494 474 2554 te
489 2496 613 2568 metuo,
628 2495 756 2571 tuoque
772 2506 868 2571 pene,
889 2543 893 2549 .

265 2588 403 2655 Infesto'
412 2591 525 2674 pueris
538 2590 649 2669 bonis,
663 2590 839 2670 malisque.

266 2687 375 2770 Quem
389 2697 436 2771 tn,
451 2692 640 2775 qualebet,
656 2697 695 2755 ut
706 2690 809 2767 lubet,
823 2691 956 2753 moveto

169 2867 193 2916 0
206 2866 352 2931 Aureli-ego
363 2870 408 2920 tibi
418 2873 539 2922 ceremitto
555 2872 669 2936 meipsum
680 2879 702 2922 et
713 2873 810 2922 delicies
826 2886 904 2920 ieeur:
922 2871 970 2919 boc
983 2867 1118 2932 benefitium
1126 2880 1237 2915 verecun-

136 2933 193 2986 dum
204 2939 230 2981 te
242 2947 309 2995 rogo,
320 2939 347 2982 ut
364 2936 387 2983 ei
402 2937 526 2986 destinasti
537 2943 666 2987 mentetua
677 2938 807 3001 quidpiam,
825 2937 884 2999 qued
901 2938 1022 2997 appeteres
1037 2931 1149 2994 pudicum
1159 2935 1183 2978 et
1200 2930 1238 2979 ie-

137 3001 236 3058 rectem,
248 2998 337 3046 teeerie
347 2999 407 3048 mibi
417 3005 480 3049 caete
496 3015 594 3063 puerum
605 3017 699 3051 meum.
743 3003 808 3064 Noe,
827 3002 933 3062 iuquam,
950 3013 965 3046 a
983 2997 1071 3057 tergm·
1095 3009 1238 3058 ”³⁹⁸⁰le

136 3062 261 3110 metuimea
271 3061 480 3127 inaequitatem
489 3066 594 3127 eegetiie
604 3069 662 3130 mie,
672 3081 733 3115 neec
745 3081 780 3129 ee,
791 3080 851 3113 eeee
861 3065 902 3134 dle
913 3065 1034 3111 traemum
1043 3060 1069 3109 ie
1079 3062 1119 3108 eia
1130 3058 1239 3121 puerum

1229 3141 1240 3165 0

599 3194 775 3214 ΜΙΙΙΜΗ

171 3274 199 3317 11
218 3270 250 3319 In
262 3271 337 3321 codd.
350 3278 416 3325 vett.
427 3274 536 3324 deerant
548 3275 638 3337 verbe,
649 3279 675 3323 et
687 3273 769 3331 lebet,·
787 3275 814 3321 in
826 3287 871 3322 suo
882 3273 1018 3320 invenerat
1031 3270 1098 3318 Stet.
1118 3269 1193 3324 Quem
1213 3272 1240 3316 te
1263 3320 1267 3331 ‚

136 3333 244 3398 qualebet
262 3351 289 3386 ee
305 3343 403 3402 menete,
420 3340 489 3389 uude
501 3342 567 3404 conj.
588 3341 663 3396 Quem
674 3343 711 3401 te,
722 3338 840 3401 qualebet,
855 3342 880 3386 ut
890 3336 947 3385 celia
957 3338 1068 3394 menete,·
1083 3333 1129 3381 sed
1143 3339 1240 3396 praetn-

634 3485 659 3536 N
663 3484 741 3535 OTAE

169 3597 185 3641 b
212 3593 304 3654 Tuoque
324 3596 393 3658 pene]
432 3596 512 3645 Penis
530 3596 669 3646 condemn
709 3593 799 3644 formae
834 3593 1051 3656 pulchritudinem
1083 3592 1139 3655 opti
1171 3599 1243 3657 erint,

137 3667 284 3733 pendendo,
294 3668 339 3717 eed
350 3670 493 3719 membrum
505 3671 669 3722 virileetiem
709 3685 787 3736 quem
805 3671 844 3719 hie
862 3669 907 3734 qui
926 3669 960 3720 ob
978 3666 1170 3717 deformitatem
1188 3681 1240 3716 non

137 3743 275 3810 significat.
323 3745 478 3797 novenalis:
505 3747 670 3798 ‘Noverunt
708 3739 769 3797 eunt
780 3747 813 3797 ad
821 3746 955 3798 libidinem
965 3745 1067 3805 idonei;
1085 3744 1154 3794 sicut
1164 3757 1241 3808 sope-

137 3820 234 3882 Mauri,
245 3827 324 3885 atque
341 3819 411 3883 lodi,
429 3835 487 3886 qoae
505 3822 612 3884 psaltria
624 3837 668 3886 pe·
707 3824 761 3873 rim
780 3824 806 3872 io
826 3824 911 3874 Carm.
932 3835 970 3872 vr.
988 3821 1097 3872 ‘Quare
1118 3818 1242 3884 quicquid

137 3910 197 3946 nem
208 3896 356 3961 Majorem,’
370 3899 419 3945 &e
461 3897 496 3944 Et
513 3897 590 3946 alibi:
607 3896 667 3947 ‘An
707 3901 786 3951 babes
797 3900 860 3950 boni
871 3899 983 3962 malique
993 3898 1048 3947 Dic
1058 3894 1149 3946 nobie.’

135 3970 215 4023 focile
225 3979 252 4022 et
262 3987 373 4037 pronum
391 3980 433 4023 eet
442 3987 521 4037 egere
532 3973 603 4024 intre
617 3975 668 4023 ris·
741 3979 772 4024 ll
792 3975 867 4032 Quem
878 3980 905 4023 tu
916 3972 1017 4036 menete]
1046 3972 1130 4035 Quem,
1139 3970 1243 4022 scilicet

138 4051 319 4112 cerepenem,'
335 4051 385 4099 bec.
709 4053 957 4116 peuem,temoeeto,
969 4062 1001 4097 ex
1011 4047 1127 4097 libidine.

172 4126 204 4171 10
220 4121 401 4188 quenepuerie
411 4123 618 4188 temeritatisque]
636 4124 669 4175 ld
745 4127 800 4182 Quo
810 4124 883 4190 lebet]
897 4124 1006 4174 Scilicet
1017 4123 1125 4172 ratione.

139 4197 314 4262 eet,omoibue
336 4200 497 4265 puerinum
515 4201 555 4252 hir
574 4200 618 4265 qui
636 4199 669 4250 ob
745 4202 779 4250 Ut
797 4199 873 4263 lubet]
905 4198 964 4250 Hoc
985 4197 1049 4250 dlclt
1066 4203 1192 4264 quantum
1209 4198 1243 4250 od
