<?xml version="1.0" encoding="UTF-8"?>
<!DOCTYPE html PUBLIC "-//W3C//DTD XHTML 1.0 Transitional//EN"
    "http://www.w3.org/TR/xhtml1/DTD/xhtml1-transitional.dtd">
<html xmlns="http://www.w3.org/1999/xhtml" xml:lang="en" lang="en">
 <head>
  <title>
</title>
<meta http-equiv="Content-Type" content="text/html;charset=utf-8" />
  <meta name='ocr-system' content='tesseract 3.04.00' />
  <meta name='ocr-capabilities' content='ocr_page ocr_carea ocr_par ocr_line ocrx_word'/>
</head>
<body>
  <div class='ocr_page' id='page_1' title='image "./cvaleriicatulli00catugoog/cvaleriicatulli00catugoog_0469.png"; bbox 0 0 2774 4702; ppageno 0'>
   <div class='ocr_carea' id='block_1_1' title="bbox 164 296 905 361">
    <p class='ocr_par' dir='ltr' id='par_1_1' title="bbox 164 296 905 361">
     <span class='ocr_line' id='line_1_1' title="bbox 164 296 905 361; baseline -0.001 0"><span class='ocrx_word' id='word_1_1' title='bbox 164 296 230 361; x_wconf 74' lang='lat' dir='ltr'>leo</span> <span class='ocrx_word' id='word_1_2' title='bbox 509 310 616 360; x_wconf 77' lang='lat' dir='ltr'>sorra</span> <span class='ocrx_word' id='word_1_3' title='bbox 640 310 840 361; x_wconf 79' lang='lat' dir='ltr'>vauronusr</span> <span class='ocrx_word' id='word_1_4' title='bbox 866 312 905 360; x_wconf 82' lang='lat' dir='ltr'>ru</span> 
     </span>
    </p>
   </div>
   <div class='ocr_carea' id='block_1_2' title="bbox 160 453 1262 1498">
    <p class='ocr_par' dir='ltr' id='par_1_2' title="bbox 160 453 1262 1498">
     <span class='ocr_line' id='line_1_2' title="bbox 164 453 1257 518; baseline 0.001 -15"><span class='ocrx_word' id='word_1_5' title='bbox 164 467 235 503; x_wconf 85' lang='lat' dir='ltr'>rusus</span> <span class='ocrx_word' id='word_1_6' title='bbox 247 458 275 503; x_wconf 90' lang='lat' dir='ltr'>et</span> <span class='ocrx_word' id='word_1_7' title='bbox 285 465 417 516; x_wconf 72' lang='lat' dir='ltr'>arrogans,</span> <span class='ocrx_word' id='word_1_8' title='bbox 433 465 466 501; x_wconf 87' lang='lat' dir='ltr'>au</span> <span class='ocrx_word' id='word_1_9' title='bbox 484 466 546 502; x_wconf 82' lang='lat' dir='ltr'>vero</span> <span class='ocrx_word' id='word_1_10' title='bbox 561 453 609 503; x_wconf 88' lang='lat' dir='ltr'>tibi</span> <span class='ocrx_word' id='word_1_11' title='bbox 621 453 691 504; x_wconf 84' lang='lat' dir='ltr'>vide·</span> <span class='ocrx_word' id='word_1_12' title='bbox 731 453 825 516; x_wconf 73' lang='lat' dir='ltr'>legeris</span> <span class='ocrx_word' id='word_1_13' title='bbox 832 468 866 503; x_wconf 85' lang='lat' dir='ltr'>ex</span> <span class='ocrx_word' id='word_1_14' title='bbox 878 453 996 504; x_wconf 89' lang='lat' dir='ltr'>ductibus</span> <span class='ocrx_word' id='word_1_15' title='bbox 1008 454 1099 518; x_wconf 81' lang='lat' dir='ltr'>priscae</span> <span class='ocrx_word' id='word_1_16' title='bbox 1110 453 1257 518; x_wconf 74' lang='lat' dir='ltr'>scripturn,</span> 
     </span>
     <span class='ocr_line' id='line_1_3' title="bbox 164 526 1257 592; baseline 0.002 -15"><span class='ocrx_word' id='word_1_17' title='bbox 164 535 207 577; x_wconf 87' lang='lat' dir='ltr'>tur</span> <span class='ocrx_word' id='word_1_18' title='bbox 217 527 312 576; x_wconf 86' lang='lat' dir='ltr'>multus</span> <span class='ocrx_word' id='word_1_19' title='bbox 322 526 397 575; x_wconf 87' lang='lat' dir='ltr'>homo</span> <span class='ocrx_word' id='word_1_20' title='bbox 412 540 478 588; x_wconf 89' lang='lat' dir='ltr'>esse,</span> <span class='ocrx_word' id='word_1_21' title='bbox 488 526 532 591; x_wconf 84' lang='lat' dir='ltr'>qni</span> <span class='ocrx_word' id='word_1_22' title='bbox 548 526 691 591; x_wconf 86' lang='lat' dir='ltr'>descendit,</span> <span class='ocrx_word' id='word_1_23' title='bbox 731 528 825 579; x_wconf 77' lang='lat' dir='ltr'>Multus</span> <span class='ocrx_word' id='word_1_24' title='bbox 834 529 900 578; x_wconf 77' lang='lat' dir='ltr'>homo</span> <span class='ocrx_word' id='word_1_25' title='bbox 910 535 945 578; x_wconf 81' lang='lat' dir='ltr'>est</span> <span class='ocrx_word' id='word_1_26' title='bbox 957 530 1023 578; x_wconf 86' lang='lat' dir='ltr'>Nuso</span> <span class='ocrx_word' id='word_1_27' title='bbox 1030 531 1102 592; x_wconf 78' lang='lat' dir='ltr'>(sum</span> <span class='ocrx_word' id='word_1_28' title='bbox 1113 534 1188 579; x_wconf 78' lang='lat' dir='ltr'>lecum</span> <span class='ocrx_word' id='word_1_29' title='bbox 1199 531 1257 579; x_wconf 75' lang='lat' dir='ltr'>ml·</span> 
     </span>
     <span class='ocr_line' id='line_1_4' title="bbox 164 602 1260 667; baseline 0.002 -15"><span class='ocrx_word' id='word_1_30' title='bbox 164 608 192 652; x_wconf 83' lang='lat' dir='ltr'>et</span> <span class='ocrx_word' id='word_1_31' title='bbox 212 602 331 666; x_wconf 72' lang='lat' dir='ltr'>pathicus</span> <span class='ocrx_word' id='word_1_32' title='bbox 350 603 407 651; x_wconf 86' lang='lat' dir='ltr'>esti</span> <span class='ocrx_word' id='word_1_33' title='bbox 423 603 488 652; x_wconf 88' lang='lat' dir='ltr'>mira</span> <span class='ocrx_word' id='word_1_34' title='bbox 506 603 573 652; x_wconf 87' lang='lat' dir='ltr'>enisu</span> <span class='ocrx_word' id='word_1_35' title='bbox 593 618 644 666; x_wconf 82' lang='lat' dir='ltr'>res,</span> <span class='ocrx_word' id='word_1_36' title='bbox 661 610 691 654; x_wconf 84' lang='lat' dir='ltr'>ut</span> <span class='ocrx_word' id='word_1_37' title='bbox 730 604 878 653; x_wconf 80' lang='lat' dir='ltr'>tushosuoes</span> <span class='ocrx_word' id='word_1_38' title='bbox 877 605 894 667; x_wconf 89' lang='lat'><em>)</em></span> <span class='ocrx_word' id='word_1_39' title='bbox 903 605 944 666; x_wconf 76' lang='lat' dir='ltr'>qui</span> <span class='ocrx_word' id='word_1_40' title='bbox 954 603 1102 654; x_wconf 75' lang='lat' dir='ltr'>Descendit?</span> <span class='ocrx_word' id='word_1_41' title='bbox 1119 607 1185 654; x_wconf 84' lang='lat' dir='ltr'>Nuso</span> <span class='ocrx_word' id='word_1_42' title='bbox 1200 607 1260 655; x_wconf 82' lang='lat' dir='ltr'>rusl-</span> 
     </span>
     <span class='ocr_line' id='line_1_5' title="bbox 163 676 1260 745; baseline 0.002 -19"><span class='ocrx_word' id='word_1_43' title='bbox 163 677 238 726; x_wconf 86' lang='lat' dir='ltr'>bomo</span> <span class='ocrx_word' id='word_1_44' title='bbox 249 676 373 737; x_wconf 79' lang='lat' dir='ltr'>cinaedus</span> <span class='ocrx_word' id='word_1_45' title='bbox 382 683 411 726; x_wconf 89' lang='lat' dir='ltr'>et</span> <span class='ocrx_word' id='word_1_46' title='bbox 421 677 464 741; x_wconf 82' lang='lat' dir='ltr'>qni</span> <span class='ocrx_word' id='word_1_47' title='bbox 476 679 593 729; x_wconf 88' lang='lat' dir='ltr'>omuibus</span> <span class='ocrx_word' id='word_1_48' title='bbox 605 679 692 730; x_wconf 83' lang='lat' dir='ltr'>omnis</span> <span class='ocrx_word' id='word_1_49' title='bbox 730 685 769 730; x_wconf 79' lang='lat' dir='ltr'>tes</span> <span class='ocrx_word' id='word_1_50' title='bbox 783 686 850 743; x_wconf 61' lang='lat' dir='ltr'>suet</span> <span class='ocrx_word' id='word_1_51' title='bbox 863 680 989 745; x_wconf 77' lang='lat' dir='ltr'>puhicssl</span> <span class='ocrx_word' id='word_1_52' title='bbox 1017 680 1260 731; x_wconf 82' lang='lat' dir='ltr'>Nouestdnhitnn·</span> 
     </span>
     <span class='ocr_line' id='line_1_6' title="bbox 163 752 1259 820; baseline 0.001 -18"><span class='ocrx_word' id='word_1_53' title='bbox 163 752 322 817; x_wconf 70' lang='lat' dir='ltr'>obsequitur,</span> <span class='ocrx_word' id='word_1_54' title='bbox 330 752 397 802; x_wconf 80' lang='lat' dir='ltr'>idem</span> <span class='ocrx_word' id='word_1_55' title='bbox 406 766 508 817; x_wconf 87' lang='lat' dir='ltr'>qnoque</span> <span class='ocrx_word' id='word_1_56' title='bbox 517 766 639 817; x_wconf 77' lang='lat' dir='ltr'>arrogans</span> <span class='ocrx_word' id='word_1_57' title='bbox 647 755 690 815; x_wconf 84' lang='grc' dir='ltr'>ιιι</span> <span class='ocrx_word' id='word_1_58' title='bbox 730 754 791 804; x_wconf 87' lang='lat' dir='ltr'>duur</span> <span class='ocrx_word' id='word_1_59' title='bbox 812 755 850 805; x_wconf 85' lang='lat' dir='ltr'>ita</span> <span class='ocrx_word' id='word_1_60' title='bbox 868 771 884 804; x_wconf 85' lang='lat' dir='ltr'><strong>a</strong></span> <span class='ocrx_word' id='word_1_61' title='bbox 901 756 1003 806; x_wconf 89' lang='lat' dir='ltr'>Catullo</span> <span class='ocrx_word' id='word_1_62' title='bbox 1024 756 1151 820; x_wconf 86' lang='lat' dir='ltr'>seriptum</span> <span class='ocrx_word' id='word_1_63' title='bbox 1168 754 1259 805; x_wconf 84' lang='lat' dir='ltr'>fuisse.</span> 
     </span>
     <span class='ocr_line' id='line_1_7' title="bbox 164 827 796 894; baseline 0.003 -16"><span class='ocrx_word' id='word_1_64' title='bbox 164 833 192 878; x_wconf 87' lang='lat' dir='ltr'>et</span> <span class='ocrx_word' id='word_1_65' title='bbox 214 828 350 892; x_wconf 87' lang='lat' dir='ltr'>superbus,</span> <span class='ocrx_word' id='word_1_66' title='bbox 374 834 405 877; x_wconf 85' lang='lat' dir='ltr'>hc</span> <span class='ocrx_word' id='word_1_67' title='bbox 424 827 538 878; x_wconf 85' lang='lat' dir='ltr'>difficilis</span> <span class='ocrx_word' id='word_1_68' title='bbox 558 836 586 878; x_wconf 90' lang='lat' dir='ltr'>et</span> <span class='ocrx_word' id='word_1_69' title='bbox 607 843 690 894; x_wconf 79' lang='lat' dir='ltr'>asper.</span> <span class='ocrx_word' id='word_1_70' title='bbox 731 830 796 880; x_wconf 83' lang='lat' dir='ltr'>Seul.</span> 
     </span>
     <span class='ocr_line' id='line_1_8' title="bbox 164 902 1260 969; baseline -0.001 -15"><span class='ocrx_word' id='word_1_71' title='bbox 164 903 302 954; x_wconf 72' lang='lat' dir='ltr'>Sdmsies.</span> <span class='ocrx_word' id='word_1_72' title='bbox 771 910 787 954; x_wconf 78' lang='lat'>2</span> <span class='ocrx_word' id='word_1_73' title='bbox 811 906 859 962; x_wconf 79' lang='lat' dir='ltr'>Qui</span> <span class='ocrx_word' id='word_1_74' title='bbox 880 905 1020 969; x_wconf 73' lang='grc' dir='ltr'>Βιιοιιάάι]</span> <span class='ocrx_word' id='word_1_75' title='bbox 1051 906 1170 969; x_wconf 82' lang='lat' dir='ltr'>Scriptus</span> <span class='ocrx_word' id='word_1_76' title='bbox 1192 902 1260 953; x_wconf 88' lang='lat' dir='ltr'>liber</span> 
     </span>
     <span class='ocr_line' id='line_1_9' title="bbox 198 977 1259 1048; baseline -0.004 -17"><span class='ocrx_word' id='word_1_77' title='bbox 198 983 234 1030; x_wconf 85' lang='lat' dir='ltr'>lis</span> <span class='ocrx_word' id='word_1_78' title='bbox 244 984 371 1031; x_wconf 79' lang='lat' dir='ltr'>Neronum</span> <span class='ocrx_word' id='word_1_79' title='bbox 381 981 468 1044; x_wconf 83' lang='lat' dir='ltr'>tecum]</span> <span class='ocrx_word' id='word_1_80' title='bbox 483 981 520 1030; x_wconf 73' lang='lat' dir='ltr'>lis</span> <span class='ocrx_word' id='word_1_81' title='bbox 534 996 644 1048; x_wconf 85' lang='lat' dir='ltr'>natuque</span> <span class='ocrx_word' id='word_1_82' title='bbox 664 991 691 1032; x_wconf 88' lang='lat' dir='ltr'>te</span> <span class='ocrx_word' id='word_1_83' title='bbox 731 996 858 1031; x_wconf 86' lang='lat' dir='ltr'>moresne</span> <span class='ocrx_word' id='word_1_84' title='bbox 874 982 1045 1046; x_wconf 75' lang='lat' dir='ltr'>habebatque</span> <span class='ocrx_word' id='word_1_85' title='bbox 1061 995 1108 1046; x_wconf 86' lang='lat' dir='ltr'>pro</span> <span class='ocrx_word' id='word_1_86' title='bbox 1125 980 1172 1043; x_wconf 80' lang='lat' dir='ltr'>qui.</span> <span class='ocrx_word' id='word_1_87' title='bbox 1189 977 1259 1043; x_wconf 87' lang='lat' dir='ltr'>qnod</span> 
     </span>
     <span class='ocr_line' id='line_1_10' title="bbox 160 1055 1259 1122; baseline -0.005 -14"><span class='ocrx_word' id='word_1_88' title='bbox 160 1058 251 1122; x_wconf 86' lang='lat' dir='ltr'>judice</span> <span class='ocrx_word' id='word_1_89' title='bbox 267 1073 373 1122; x_wconf 78' lang='lat' dir='ltr'>magnus</span> <span class='ocrx_word' id='word_1_90' title='bbox 392 1060 431 1107; x_wconf 87' lang='lat' dir='ltr'>vir</span> <span class='ocrx_word' id='word_1_91' title='bbox 447 1058 486 1108; x_wconf 76' lang='lat' dir='ltr'>eol</span> <span class='ocrx_word' id='word_1_92' title='bbox 499 1058 618 1121; x_wconf 69' lang='lat' dir='ltr'>poecilos.</span> <span class='ocrx_word' id='word_1_93' title='bbox 650 1060 693 1110; x_wconf 88' lang='lat' dir='ltr'>lta</span> <span class='ocrx_word' id='word_1_94' title='bbox 733 1065 785 1109; x_wconf 84' lang='lat' dir='ltr'>tam</span> <span class='ocrx_word' id='word_1_95' title='bbox 806 1073 876 1122; x_wconf 82' lang='lat' dir='ltr'>saepe</span> <span class='ocrx_word' id='word_1_96' title='bbox 902 1061 997 1109; x_wconf 88' lang='lat' dir='ltr'>monui.</span> <span class='ocrx_word' id='word_1_97' title='bbox 1037 1057 1174 1107; x_wconf 71' lang='lat' dir='ltr'><strong><em>Descendit.</em></strong></span> <span class='ocrx_word' id='word_1_98' title='bbox 1195 1055 1259 1104; x_wconf 79' lang='lat' dir='ltr'>setis</span> 
     </span>
     <span class='ocr_line' id='line_1_11' title="bbox 165 1128 1261 1199; baseline -0.005 -16"><span class='ocrx_word' id='word_1_99' title='bbox 165 1134 318 1199; x_wconf 77' lang='lat' dir='ltr'>Propertius</span> <span class='ocrx_word' id='word_1_100' title='bbox 327 1134 427 1184; x_wconf 86' lang='lat' dir='ltr'>locutus</span> <span class='ocrx_word' id='word_1_101' title='bbox 439 1141 489 1196; x_wconf 85' lang='lat' dir='ltr'>est,</span> <span class='ocrx_word' id='word_1_102' title='bbox 502 1135 510 1162; x_wconf 92' lang='lat'>‘</span> <span class='ocrx_word' id='word_1_103' title='bbox 523 1135 580 1185; x_wconf 90' lang='lat' dir='ltr'>Nec</span> <span class='ocrx_word' id='word_1_104' title='bbox 592 1141 693 1184; x_wconf 83' lang='lat' dir='ltr'>tantum</span> <span class='ocrx_word' id='word_1_105' title='bbox 731 1138 808 1197; x_wconf 82' lang='lat' dir='ltr'>patet</span> <span class='ocrx_word' id='word_1_106' title='bbox 818 1132 881 1198; x_wconf 89' lang='lat' dir='ltr'>quid</span> <span class='ocrx_word' id='word_1_107' title='bbox 893 1135 963 1183; x_wconf 86' lang='lat' dir='ltr'>velit.</span> <span class='ocrx_word' id='word_1_108' title='bbox 973 1133 1123 1184; x_wconf 78' lang='lat' dir='ltr'>luvenalis:</span> <span class='ocrx_word' id='word_1_109' title='bbox 1140 1128 1199 1179; x_wconf 81' lang='lat' dir='ltr'>‘Ad</span> <span class='ocrx_word' id='word_1_110' title='bbox 1208 1137 1261 1178; x_wconf 90' lang='lat' dir='ltr'>ter·</span> 
     </span>
     <span class='ocr_line' id='line_1_12' title="bbox 164 1205 1262 1269; baseline -0.005 -12"><span class='ocrx_word' id='word_1_111' title='bbox 164 1223 264 1259; x_wconf 85' lang='lat' dir='ltr'>meeum</span> <span class='ocrx_word' id='word_1_112' title='bbox 280 1210 395 1258; x_wconf 83' lang='lat' dir='ltr'>Romana</span> <span class='ocrx_word' id='word_1_113' title='bbox 412 1209 508 1258; x_wconf 84' lang='lat' dir='ltr'>cubilia</span> <span class='ocrx_word' id='word_1_114' title='bbox 525 1210 591 1259; x_wconf 84' lang='lat' dir='ltr'>vises</span> <span class='ocrx_word' id='word_1_115' title='bbox 600 1209 616 1255; x_wconf 77' lang='grc' dir='ltr'>ι’</span> <span class='ocrx_word' id='word_1_116' title='bbox 643 1211 692 1259; x_wconf 91' lang='lat' dir='ltr'>hoc</span> <span class='ocrx_word' id='word_1_117' title='bbox 731 1205 1262 1269; x_wconf 76' lang='lat' dir='ltr'>renttremulodescenduntelnuepuellae.’</span> 
     </span>
     <span class='ocr_line' id='line_1_13' title="bbox 165 1282 1260 1349; baseline -0.006 -16"><span class='ocrx_word' id='word_1_118' title='bbox 165 1290 216 1347; x_wconf 89' lang='lat' dir='ltr'>est,</span> <span class='ocrx_word' id='word_1_119' title='bbox 231 1299 273 1334; x_wconf 86' lang='lat' dir='ltr'>sne</span> <span class='ocrx_word' id='word_1_120' title='bbox 288 1285 397 1348; x_wconf 79' lang='lat' dir='ltr'>judioe3</span> <span class='ocrx_word' id='word_1_121' title='bbox 415 1286 457 1335; x_wconf 86' lang='lat' dir='ltr'>uel</span> <span class='ocrx_word' id='word_1_122' title='bbox 476 1285 634 1349; x_wconf 87' lang='lat' dir='ltr'>simpliciter,</span> <span class='ocrx_word' id='word_1_123' title='bbox 645 1285 693 1334; x_wconf 90' lang='lat' dir='ltr'>tibi</span> <span class='ocrx_word' id='word_1_124' title='bbox 731 1284 832 1334; x_wconf 86' lang='lat' dir='ltr'>Marem</span> <span class='ocrx_word' id='word_1_125' title='bbox 844 1298 872 1332; x_wconf 87' lang='lat' dir='ltr'>se</span> <span class='ocrx_word' id='word_1_126' title='bbox 882 1283 995 1344; x_wconf 84' lang='lat' dir='ltr'>dicebat,</span> <span class='ocrx_word' id='word_1_127' title='bbox 1004 1289 1031 1330; x_wconf 85' lang='lat' dir='ltr'>et</span> <span class='ocrx_word' id='word_1_128' title='bbox 1047 1282 1159 1330; x_wconf 85' lang='lat' dir='ltr'>maribus</span> <span class='ocrx_word' id='word_1_129' title='bbox 1171 1286 1260 1328; x_wconf 86' lang='lat' dir='ltr'>tamen</span> 
     </span>
     <span class='ocr_line' id='line_1_14' title="bbox 167 1355 1260 1422; baseline -0.003 -15"><span class='ocrx_word' id='word_1_130' title='bbox 167 1357 216 1407; x_wconf 87' lang='lat' dir='ltr'>soli</span> <span class='ocrx_word' id='word_1_131' title='bbox 227 1373 265 1422; x_wconf 87' lang='lat' dir='ltr'>es,</span> <span class='ocrx_word' id='word_1_132' title='bbox 275 1373 334 1407; x_wconf 87' lang='lat' dir='ltr'>nam</span> <span class='ocrx_word' id='word_1_133' title='bbox 345 1359 389 1409; x_wconf 83' lang='lat' dir='ltr'>alii</span> <span class='ocrx_word' id='word_1_134' title='bbox 397 1364 423 1408; x_wconf 92' lang='lat' dir='ltr'>te</span> <span class='ocrx_word' id='word_1_135' title='bbox 435 1374 485 1409; x_wconf 90' lang='lat' dir='ltr'>non</span> <span class='ocrx_word' id='word_1_136' title='bbox 497 1366 615 1409; x_wconf 88' lang='lat' dir='ltr'>censent.</span> <span class='ocrx_word' id='word_1_137' title='bbox 644 1361 694 1409; x_wconf 85' lang='lat' dir='ltr'>Ea·</span> <span class='ocrx_word' id='word_1_138' title='bbox 731 1357 924 1409; x_wconf 74' lang='lat' dir='ltr'>succumbebat.</span> <span class='ocrx_word' id='word_1_139' title='bbox 941 1359 1019 1407; x_wconf 87' lang='lat' dir='ltr'>Nune</span> <span class='ocrx_word' id='word_1_140' title='bbox 1027 1357 1203 1421; x_wconf 84' lang='lat' dir='ltr'>apertissimus</span> <span class='ocrx_word' id='word_1_141' title='bbox 1214 1355 1260 1404; x_wconf 90' lang='lat' dir='ltr'>hn-</span> 
     </span>
     <span class='ocr_line' id='line_1_15' title="bbox 166 1427 1177 1498; baseline -0.001 -17"><span class='ocrx_word' id='word_1_142' title='bbox 166 1432 226 1483; x_wconf 87' lang='lat' dir='ltr'>dem</span> <span class='ocrx_word' id='word_1_143' title='bbox 238 1435 367 1484; x_wconf 88' lang='lat' dir='ltr'>sententia</span> <span class='ocrx_word' id='word_1_144' title='bbox 377 1435 435 1492; x_wconf 87' lang='lat' dir='ltr'>erit,</span> <span class='ocrx_word' id='word_1_145' title='bbox 446 1435 467 1484; x_wconf 86' lang='lat' dir='ltr'>si</span> <span class='ocrx_word' id='word_1_146' title='bbox 477 1434 694 1485; x_wconf 85' lang='lat' dir='ltr'>minimellcentia</span> <span class='ocrx_word' id='word_1_147' title='bbox 727 1433 772 1498; x_wconf 89' lang='lat' dir='ltr'>jus</span> <span class='ocrx_word' id='word_1_148' title='bbox 783 1433 981 1498; x_wconf 76' lang='lat' dir='ltr'>Epigrammatis</span> <span class='ocrx_word' id='word_1_149' title='bbox 989 1427 1087 1481; x_wconf 85' lang='lat' dir='ltr'>sensus.</span> <span class='ocrx_word' id='word_1_150' title='bbox 1105 1432 1177 1480; x_wconf 78' lang='lat' dir='ltr'>luen.</span> 
     </span>
    </p>
   </div>
   <div class='ocr_carea' id='block_1_3' title="bbox 525 1693 902 1761">
    <p class='ocr_par' dir='ltr' id='par_1_3' title="bbox 525 1693 902 1761">
     <span class='ocr_line' id='line_1_16' title="bbox 525 1693 902 1761; baseline -0.005 -2"><span class='ocrx_word' id='word_1_151' title='bbox 525 1693 733 1761; x_wconf 79' lang='lat' dir='ltr'><strong>CARMEN</strong></span> <span class='ocrx_word' id='word_1_152' title='bbox 759 1694 902 1760; x_wconf 81' lang='lat' dir='ltr'>CXIII.</span> 
     </span>
    </p>
   </div>
   <div class='ocr_carea' id='block_1_4' title="bbox 166 1895 1270 4146">
    <p class='ocr_par' dir='ltr' id='par_1_4' title="bbox 166 1895 1268 3088">
     <span class='ocr_line' id='line_1_17' title="bbox 200 1895 1265 1964; baseline -0.003 -21"><span class='ocrx_word' id='word_1_153' title='bbox 200 1900 212 1944; x_wconf 96' lang='lat' dir='ltr'>l</span> <span class='ocrx_word' id='word_1_154' title='bbox 233 1895 401 1960; x_wconf 75' lang='lat' dir='ltr'>Primumdum,</span> <span class='ocrx_word' id='word_1_155' title='bbox 411 1900 498 1962; x_wconf 76' lang='lat' dir='ltr'>Cinna,</span> <span class='ocrx_word' id='word_1_156' title='bbox 508 1901 629 1964; x_wconf 66' lang='lat' dir='ltr'>ohlau]</span> <span class='ocrx_word' id='word_1_157' title='bbox 647 1903 696 1951; x_wconf 88' lang='lat' dir='ltr'>lm·</span> <span class='ocrx_word' id='word_1_158' title='bbox 733 1901 894 1964; x_wconf 80' lang='lat' dir='ltr'>eandemque</span> <span class='ocrx_word' id='word_1_159' title='bbox 905 1900 937 1949; x_wconf 85' lang='lat' dir='ltr'>ad</span> <span class='ocrx_word' id='word_1_160' title='bbox 954 1899 1010 1962; x_wconf 90' lang='lat' dir='ltr'>ejus</span> <span class='ocrx_word' id='word_1_161' title='bbox 1020 1897 1160 1946; x_wconf 88' lang='lat' dir='ltr'>secuudum</span> <span class='ocrx_word' id='word_1_162' title='bbox 1169 1910 1265 1946; x_wconf 82' lang='lat' dir='ltr'>consu.</span> 
     </span>
     <span class='ocr_line' id='line_1_18' title="bbox 167 1971 1262 2038; baseline 0.004 -20"><span class='ocrx_word' id='word_1_163' title='bbox 167 1971 377 2034; x_wconf 86' lang='lat' dir='ltr'>portunissimutn</span> <span class='ocrx_word' id='word_1_164' title='bbox 404 1981 579 2024; x_wconf 86' lang='lat' dir='ltr'>correctorum</span> <span class='ocrx_word' id='word_1_165' title='bbox 603 1977 695 2038; x_wconf 80' lang='lat' dir='ltr'>uulgus</span> <span class='ocrx_word' id='word_1_166' title='bbox 732 1978 811 2026; x_wconf 84' lang='lat' dir='ltr'>latum</span> <span class='ocrx_word' id='word_1_167' title='bbox 822 1975 1007 2024; x_wconf 85' lang='lat' dir='ltr'>adulteriorum</span> <span class='ocrx_word' id='word_1_168' title='bbox 1024 1972 1156 2022; x_wconf 81' lang='lat' dir='ltr'>raritatem</span> <span class='ocrx_word' id='word_1_169' title='bbox 1167 1971 1262 2022; x_wconf 87' lang='lat' dir='ltr'>fuisse:</span> 
     </span>
     <span class='ocr_line' id='line_1_19' title="bbox 166 2044 1261 2113; baseline 0.002 -21"><span class='ocrx_word' id='word_1_170' title='bbox 166 2044 209 2093; x_wconf 82' lang='lat' dir='ltr'>hlc</span> <span class='ocrx_word' id='word_1_171' title='bbox 228 2058 329 2108; x_wconf 86' lang='lat' dir='ltr'>qnoque</span> <span class='ocrx_word' id='word_1_172' title='bbox 348 2058 399 2093; x_wconf 93' lang='lat' dir='ltr'>uon</span> <span class='ocrx_word' id='word_1_173' title='bbox 416 2047 513 2095; x_wconf 87' lang='lat' dir='ltr'>usitato</span> <span class='ocrx_word' id='word_1_174' title='bbox 529 2049 628 2097; x_wconf 90' lang='lat' dir='ltr'>scelere</span> <span class='ocrx_word' id='word_1_175' title='bbox 649 2048 696 2096; x_wconf 86' lang='lat' dir='ltr'>de·</span> <span class='ocrx_word' id='word_1_176' title='bbox 733 2049 780 2100; x_wconf 85' lang='lat' dir='ltr'>sed</span> <span class='ocrx_word' id='word_1_177' title='bbox 787 2058 878 2113; x_wconf 79' lang='lat' dir='ltr'>postes</span> <span class='ocrx_word' id='word_1_178' title='bbox 886 2064 933 2113; x_wconf 90' lang='lat' dir='ltr'>pro</span> <span class='ocrx_word' id='word_1_179' title='bbox 940 2063 1001 2110; x_wconf 91' lang='lat' dir='ltr'>uno,</span> <span class='ocrx_word' id='word_1_180' title='bbox 1008 2049 1077 2098; x_wconf 89' lang='lat' dir='ltr'>mille</span> <span class='ocrx_word' id='word_1_181' title='bbox 1085 2049 1261 2098; x_wconf 79' lang='lat' dir='ltr'>succrevisse:</span> 
     </span>
     <span class='ocr_line' id='line_1_20' title="bbox 167 2120 1263 2190; baseline 0.002 -20"><span class='ocrx_word' id='word_1_182' title='bbox 167 2120 320 2172; x_wconf 77' lang='lat' dir='ltr'>baccharum</span> <span class='ocrx_word' id='word_1_183' title='bbox 332 2130 385 2173; x_wconf 86' lang='lat' dir='ltr'>est:</span> <span class='ocrx_word' id='word_1_184' title='bbox 402 2139 462 2174; x_wconf 85' lang='lat' dir='ltr'>nam</span> <span class='ocrx_word' id='word_1_185' title='bbox 479 2126 589 2175; x_wconf 71' lang='lat' dir='ltr'>seorim</span> <span class='ocrx_word' id='word_1_186' title='bbox 601 2141 695 2190; x_wconf 88' lang='lat' dir='ltr'>suppo·</span> <span class='ocrx_word' id='word_1_187' title='bbox 732 2132 761 2173; x_wconf 89' lang='lat' dir='ltr'>et</span> <span class='ocrx_word' id='word_1_188' title='bbox 783 2123 842 2173; x_wconf 87' lang='lat' dir='ltr'>hinc</span> <span class='ocrx_word' id='word_1_189' title='bbox 867 2131 1035 2188; x_wconf 80' lang='lat' dir='ltr'>propagatam</span> <span class='ocrx_word' id='word_1_190' title='bbox 1056 2122 1126 2172; x_wconf 84' lang='lat' dir='ltr'>illam</span> <span class='ocrx_word' id='word_1_191' title='bbox 1147 2121 1263 2172; x_wconf 76' lang='lat' dir='ltr'>infamior</span> 
     </span>
     <span class='ocr_line' id='line_1_21' title="bbox 168 2198 1263 2265; baseline 0.004 -23"><span class='ocrx_word' id='word_1_192' title='bbox 168 2203 274 2245; x_wconf 86' lang='lat' dir='ltr'>suerunt</span> <span class='ocrx_word' id='word_1_193' title='bbox 285 2212 332 2261; x_wconf 87' lang='lat' dir='ltr'>pro</span> <span class='ocrx_word' id='word_1_194' title='bbox 348 2213 389 2262; x_wconf 91' lang='lat' dir='ltr'>eo,</span> <span class='ocrx_word' id='word_1_195' title='bbox 405 2200 474 2265; x_wconf 86' lang='lat' dir='ltr'>qnod</span> <span class='ocrx_word' id='word_1_196' title='bbox 486 2201 603 2252; x_wconf 74' lang='lat' dir='ltr'>Catullus</span> <span class='ocrx_word' id='word_1_197' title='bbox 613 2208 642 2251; x_wconf 87' lang='lat' dir='ltr'>et</span> <span class='ocrx_word' id='word_1_198' title='bbox 653 2216 695 2251; x_wconf 83' lang='lat' dir='ltr'>re·</span> <span class='ocrx_word' id='word_1_199' title='bbox 733 2207 859 2263; x_wconf 76' lang='lat' dir='ltr'>segetem,</span> <span class='ocrx_word' id='word_1_200' title='bbox 870 2213 923 2264; x_wconf 83' lang='lat' dir='ltr'>qua</span> <span class='ocrx_word' id='word_1_201' title='bbox 939 2199 1034 2249; x_wconf 83' lang='lat' dir='ltr'>Catulli</span> <span class='ocrx_word' id='word_1_202' title='bbox 1051 2203 1130 2247; x_wconf 71' lang='lat' dir='ltr'>etate</span> <span class='ocrx_word' id='word_1_203' title='bbox 1144 2203 1201 2247; x_wconf 81' lang='lat' dir='ltr'>tots</span> <span class='ocrx_word' id='word_1_204' title='bbox 1212 2198 1263 2246; x_wconf 89' lang='lat' dir='ltr'>Ru-</span> 
     </span>
     <span class='ocr_line' id='line_1_22' title="bbox 167 2273 1265 2342; baseline 0.003 -21"><span class='ocrx_word' id='word_1_205' title='bbox 167 2277 238 2321; x_wconf 84' lang='lat' dir='ltr'>teres</span> <span class='ocrx_word' id='word_1_206' title='bbox 250 2275 531 2338; x_wconf 63' lang='lat' dir='ltr'>manutenementum.</span> <span class='ocrx_word' id='word_1_207' title='bbox 543 2277 611 2342; x_wconf 84' lang='lat' dir='ltr'>quod</span> <span class='ocrx_word' id='word_1_208' title='bbox 622 2283 695 2327; x_wconf 86' lang='lat' dir='ltr'>recte</span> <span class='ocrx_word' id='word_1_209' title='bbox 733 2291 775 2327; x_wconf 84' lang='lat' dir='ltr'>ma</span> <span class='ocrx_word' id='word_1_210' title='bbox 784 2274 920 2340; x_wconf 77' lang='lat' dir='ltr'>flagrabat.</span> <span class='ocrx_word' id='word_1_211' title='bbox 949 2274 1026 2327; x_wconf 74' lang='lat' dir='ltr'>Quod</span> <span class='ocrx_word' id='word_1_212' title='bbox 1037 2273 1060 2322; x_wconf 91' lang='lat' dir='ltr'>si</span> <span class='ocrx_word' id='word_1_213' title='bbox 1069 2274 1177 2323; x_wconf 80' lang='lat' dir='ltr'>historia</span> <span class='ocrx_word' id='word_1_214' title='bbox 1192 2289 1265 2339; x_wconf 78' lang='lat' dir='ltr'>qrrae·</span> 
     </span>
     <span class='ocr_line' id='line_1_23' title="bbox 166 2346 1265 2415; baseline 0 -17"><span class='ocrx_word' id='word_1_215' title='bbox 166 2346 289 2399; x_wconf 81' lang='lat' dir='ltr'>hebebat.</span> <span class='ocrx_word' id='word_1_216' title='bbox 306 2351 429 2414; x_wconf 79' lang='lat' dir='ltr'>Superius</span> <span class='ocrx_word' id='word_1_217' title='bbox 439 2352 582 2401; x_wconf 87' lang='lat' dir='ltr'>monuimus</span> <span class='ocrx_word' id='word_1_218' title='bbox 593 2358 696 2401; x_wconf 84' lang='lat' dir='ltr'>veteres</span> <span class='ocrx_word' id='word_1_219' title='bbox 734 2353 792 2404; x_wconf 84' lang='lat' dir='ltr'>dam</span> <span class='ocrx_word' id='word_1_220' title='bbox 810 2354 852 2404; x_wconf 86' lang='lat' dir='ltr'>hic</span> <span class='ocrx_word' id='word_1_221' title='bbox 867 2352 1069 2415; x_wconf 77' lang='lat' dir='ltr'>intelligeretur,</span> <span class='ocrx_word' id='word_1_222' title='bbox 1079 2350 1112 2399; x_wconf 87' lang='lat' dir='ltr'>de</span> <span class='ocrx_word' id='word_1_223' title='bbox 1128 2350 1189 2399; x_wconf 89' lang='lat' dir='ltr'>solis</span> <span class='ocrx_word' id='word_1_224' title='bbox 1205 2351 1265 2399; x_wconf 86' lang='lat' dir='ltr'>Ma-</span> 
     </span>
     <span class='ocr_line' id='line_1_24' title="bbox 168 2425 1267 2493; baseline 0.003 -19"><span class='ocrx_word' id='word_1_225' title='bbox 168 2425 258 2488; x_wconf 91' lang='lat' dir='ltr'>iniis,</span> <span class='ocrx_word' id='word_1_226' title='bbox 280 2427 419 2493; x_wconf 84' lang='lat' dir='ltr'>inquibus</span> <span class='ocrx_word' id='word_1_227' title='bbox 442 2429 564 2479; x_wconf 85' lang='lat' dir='ltr'>solebant</span> <span class='ocrx_word' id='word_1_228' title='bbox 586 2429 696 2479; x_wconf 86' lang='lat' dir='ltr'>reticere</span> <span class='ocrx_word' id='word_1_229' title='bbox 733 2444 821 2479; x_wconf 85' lang='lat' dir='ltr'>murra</span> <span class='ocrx_word' id='word_1_230' title='bbox 831 2436 859 2478; x_wconf 90' lang='lat' dir='ltr'>et</span> <span class='ocrx_word' id='word_1_231' title='bbox 871 2429 973 2477; x_wconf 78' lang='lat' dir='ltr'>Ctesare</span> <span class='ocrx_word' id='word_1_232' title='bbox 982 2433 1082 2476; x_wconf 88' lang='lat' dir='ltr'>tantum</span> <span class='ocrx_word' id='word_1_233' title='bbox 1091 2439 1175 2475; x_wconf 85' lang='lat' dir='ltr'>sermo</span> <span class='ocrx_word' id='word_1_234' title='bbox 1184 2434 1267 2488; x_wconf 83' lang='lat' dir='ltr'>esset,</span> 
     </span>
     <span class='ocr_line' id='line_1_25' title="bbox 168 2499 1266 2564; baseline 0.003 -16"><span class='ocrx_word' id='word_1_235' title='bbox 168 2501 284 2563; x_wconf 79' lang='lat' dir='ltr'>verbum,</span> <span class='ocrx_word' id='word_1_236' title='bbox 296 2509 433 2553; x_wconf 87' lang='lat' dir='ltr'>contentos</span> <span class='ocrx_word' id='word_1_237' title='bbox 450 2503 530 2553; x_wconf 88' lang='lat' dir='ltr'>fuisse</span> <span class='ocrx_word' id='word_1_238' title='bbox 548 2505 603 2554; x_wconf 91' lang='lat' dir='ltr'>solo</span> <span class='ocrx_word' id='word_1_239' title='bbox 616 2504 696 2553; x_wconf 87' lang='lat' dir='ltr'>verbo</span> <span class='ocrx_word' id='word_1_240' title='bbox 734 2512 764 2554; x_wconf 87' lang='lat' dir='ltr'>ut</span> <span class='ocrx_word' id='word_1_241' title='bbox 780 2505 839 2554; x_wconf 86' lang='lat' dir='ltr'>illos</span> <span class='ocrx_word' id='word_1_242' title='bbox 858 2503 1019 2552; x_wconf 82' lang='lat' dir='ltr'>Moechorusn</span> <span class='ocrx_word' id='word_1_243' title='bbox 1039 2499 1177 2564; x_wconf 80' lang='lat' dir='ltr'>signiferos</span> <span class='ocrx_word' id='word_1_244' title='bbox 1192 2500 1266 2551; x_wconf 80' lang='lat' dir='ltr'>(licet</span> 
     </span>
     <span class='ocr_line' id='line_1_26' title="bbox 167 2575 1265 2643; baseline 0.003 -20"><span class='ocrx_word' id='word_1_245' title='bbox 167 2575 284 2625; x_wconf 75' lang='lat' dir='ltr'>‘solere&#39;</span> <span class='ocrx_word' id='word_1_246' title='bbox 303 2577 413 2640; x_wconf 69' lang='grc' dir='ltr'>Βιιιιιιι,ι</span> <span class='ocrx_word' id='word_1_247' title='bbox 426 2580 493 2627; x_wconf 90' lang='lat' dir='ltr'>solet</span> <span class='ocrx_word' id='word_1_248' title='bbox 504 2578 559 2628; x_wconf 81' lang='lat' dir='ltr'>hoec</span> <span class='ocrx_word' id='word_1_249' title='bbox 573 2579 697 2643; x_wconf 78' lang='lat' dir='ltr'>imagino-</span> <span class='ocrx_word' id='word_1_250' title='bbox 734 2579 822 2630; x_wconf 82' lang='lat' dir='ltr'>fuisse.</span> <span class='ocrx_word' id='word_1_251' title='bbox 865 2580 934 2629; x_wconf 82' lang='lat' dir='ltr'>Sene</span> <span class='ocrx_word' id='word_1_252' title='bbox 952 2577 1109 2641; x_wconf 79' lang='lat' dir='ltr'>epigramma</span> <span class='ocrx_word' id='word_1_253' title='bbox 1129 2589 1181 2623; x_wconf 90' lang='lat' dir='ltr'>uun</span> <span class='ocrx_word' id='word_1_254' title='bbox 1199 2575 1265 2627; x_wconf 79' lang='lat' dir='ltr'>odeo</span> 
     </span>
     <span class='ocr_line' id='line_1_27' title="bbox 168 2649 1266 2717; baseline -0.002 -16"><span class='ocrx_word' id='word_1_255' title='bbox 168 2649 240 2701; x_wconf 64' lang='lat' dir='ltr'>som?</span> <span class='ocrx_word' id='word_1_256' title='bbox 265 2651 384 2713; x_wconf 82' lang='lat' dir='ltr'>Plautus,</span> <span class='ocrx_word' id='word_1_257' title='bbox 398 2653 407 2681; x_wconf 90' lang='lat'>‘</span> <span class='ocrx_word' id='word_1_258' title='bbox 420 2654 543 2703; x_wconf 74' lang='lat' dir='ltr'>Quaenos</span> <span class='ocrx_word' id='word_1_259' title='bbox 553 2653 697 2717; x_wconf 76' lang='lat' dir='ltr'>praedicent</span> <span class='ocrx_word' id='word_1_260' title='bbox 735 2656 815 2706; x_wconf 87' lang='lat' dir='ltr'>tantis</span> <span class='ocrx_word' id='word_1_261' title='bbox 832 2655 947 2704; x_wconf 88' lang='lat' dir='ltr'>tenebris</span> <span class='ocrx_word' id='word_1_262' title='bbox 966 2653 1077 2703; x_wconf 86' lang='lat' dir='ltr'>obsitum</span> <span class='ocrx_word' id='word_1_263' title='bbox 1097 2656 1147 2712; x_wconf 88' lang='lat' dir='ltr'>est,</span> <span class='ocrx_word' id='word_1_264' title='bbox 1162 2650 1266 2715; x_wconf 85' lang='lat' dir='ltr'>quantis</span> 
     </span>
     <span class='ocr_line' id='line_1_28' title="bbox 169 2725 1268 2791; baseline 0 -15"><span class='ocrx_word' id='word_1_265' title='bbox 169 2740 227 2776; x_wconf 86' lang='lat' dir='ltr'>cnm</span> <span class='ocrx_word' id='word_1_266' title='bbox 247 2725 308 2774; x_wconf 86' lang='lat' dir='ltr'>viris</span> <span class='ocrx_word' id='word_1_267' title='bbox 325 2726 376 2775; x_wconf 90' lang='lat' dir='ltr'>suis</span> <span class='ocrx_word' id='word_1_268' title='bbox 395 2727 477 2776; x_wconf 86' lang='lat' dir='ltr'>solere</span> <span class='ocrx_word' id='word_1_269' title='bbox 486 2727 503 2776; x_wconf 83' lang='lat'>:&#39;</span> <span class='ocrx_word' id='word_1_270' title='bbox 519 2742 571 2776; x_wconf 91' lang='lat' dir='ltr'>non</span> <span class='ocrx_word' id='word_1_271' title='bbox 582 2727 698 2778; x_wconf 75' lang='lat' dir='ltr'>adhibuit</span> <span class='ocrx_word' id='word_1_272' title='bbox 735 2730 950 2780; x_wconf 84' lang='lat' dir='ltr'>volunthomiues</span> <span class='ocrx_word' id='word_1_273' title='bbox 961 2742 1061 2791; x_wconf 82' lang='lat' dir='ltr'>magnae</span> <span class='ocrx_word' id='word_1_274' title='bbox 1072 2725 1268 2776; x_wconf 83' lang='lat' dir='ltr'>eruditioniset</span> 
     </span>
     <span class='ocr_line' id='line_1_29' title="bbox 168 2801 1167 2869; baseline -0.005 -16"><span class='ocrx_word' id='word_1_275' title='bbox 168 2801 283 2860; x_wconf 84' lang='lat' dir='ltr'>verbum,</span> <span class='ocrx_word' id='word_1_276' title='bbox 302 2801 369 2865; x_wconf 88' lang='lat' dir='ltr'>quod</span> <span class='ocrx_word' id='word_1_277' title='bbox 388 2801 549 2865; x_wconf 68' lang='lat' dir='ltr'>precipuum</span> <span class='ocrx_word' id='word_1_278' title='bbox 565 2808 622 2850; x_wconf 79' lang='lat' dir='ltr'>arat</span> <span class='ocrx_word' id='word_1_279' title='bbox 639 2815 698 2850; x_wconf 86' lang='lat' dir='ltr'>sen·</span> <span class='ocrx_word' id='word_1_280' title='bbox 736 2805 813 2869; x_wconf 82' lang='lat' dir='ltr'>primi</span> <span class='ocrx_word' id='word_1_281' title='bbox 826 2805 851 2853; x_wconf 88' lang='lat' dir='ltr'>iu</span> <span class='ocrx_word' id='word_1_282' title='bbox 862 2803 945 2853; x_wconf 83' lang='lat' dir='ltr'>literis</span> <span class='ocrx_word' id='word_1_283' title='bbox 956 2801 1074 2851; x_wconf 86' lang='lat' dir='ltr'>nominis.</span> <span class='ocrx_word' id='word_1_284' title='bbox 1090 2801 1167 2849; x_wconf 81' lang='lat' dir='ltr'>luem.</span> 
     </span>
     <span class='ocr_line' id='line_1_30' title="bbox 168 2873 1265 2942; baseline 0.004 -18"><span class='ocrx_word' id='word_1_285' title='bbox 168 2876 270 2926; x_wconf 82' lang='lat' dir='ltr'>tentiae.</span> <span class='ocrx_word' id='word_1_286' title='bbox 312 2875 364 2925; x_wconf 83' lang='lat' dir='ltr'>Sed</span> <span class='ocrx_word' id='word_1_287' title='bbox 385 2883 473 2924; x_wconf 84' lang='lat' dir='ltr'>notum</span> <span class='ocrx_word' id='word_1_288' title='bbox 496 2873 580 2940; x_wconf 85' lang='lat' dir='ltr'>‘qnid</span> <span class='ocrx_word' id='word_1_289' title='bbox 598 2877 698 2925; x_wconf 78' lang='lat' dir='ltr'>soleant</span> <span class='ocrx_word' id='word_1_290' title='bbox 768 2877 982 2942; x_wconf 59' lang='lat' dir='ltr'>Moeohiillisiu]</span> <span class='ocrx_word' id='word_1_291' title='bbox 997 2879 1117 2926; x_wconf 84' lang='lat' dir='ltr'>Fortasse</span> <span class='ocrx_word' id='word_1_292' title='bbox 1127 2876 1265 2928; x_wconf 73' lang='lat' dir='ltr'>Machelei.</span> 
     </span>
     <span class='ocr_line' id='line_1_31' title="bbox 169 2949 1265 3017; baseline -0.002 -15"><span class='ocrx_word' id='word_1_293' title='bbox 169 2949 280 3002; x_wconf 70' lang='lat' dir='ltr'>moechi!</span> <span class='ocrx_word' id='word_1_294' title='bbox 307 2950 374 2999; x_wconf 88' lang='lat' dir='ltr'>ltem</span> <span class='ocrx_word' id='word_1_295' title='bbox 393 2959 483 3000; x_wconf 85' lang='lat' dir='ltr'>notum</span> <span class='ocrx_word' id='word_1_296' title='bbox 499 2950 581 3014; x_wconf 84' lang='lat' dir='ltr'>‘quid</span> <span class='ocrx_word' id='word_1_297' title='bbox 598 2951 699 3000; x_wconf 81' lang='lat' dir='ltr'>soleant</span> <span class='ocrx_word' id='word_1_298' title='bbox 737 2953 779 3002; x_wconf 87' lang='lat' dir='ltr'>Sic</span> <span class='ocrx_word' id='word_1_299' title='bbox 797 2967 845 3017; x_wconf 89' lang='lat' dir='ltr'>pro</span> <span class='ocrx_word' id='word_1_300' title='bbox 867 2950 1016 3001; x_wconf 84' lang='lat' dir='ltr'>‘Haedilia’</span> <span class='ocrx_word' id='word_1_301' title='bbox 1040 2951 1108 3014; x_wconf 85' lang='lat' dir='ltr'>apud</span> <span class='ocrx_word' id='word_1_302' title='bbox 1128 2951 1223 3001; x_wconf 85' lang='lat' dir='ltr'>Horat.</span> <span class='ocrx_word' id='word_1_303' title='bbox 1242 2965 1265 3000; x_wconf 89' lang='grc' dir='ltr'>ι.</span> 
     </span>
     <span class='ocr_line' id='line_1_32' title="bbox 169 3024 1264 3088; baseline 0 -14"><span class='ocrx_word' id='word_1_304' title='bbox 169 3024 374 3075; x_wconf 80' lang='lat' dir='ltr'>mulierer&#39;cum</span> <span class='ocrx_word' id='word_1_305' title='bbox 385 3025 554 3075; x_wconf 77' lang='lat' dir='ltr'>olienisviris.</span> <span class='ocrx_word' id='word_1_306' title='bbox 570 3024 633 3075; x_wconf 82' lang='lat' dir='ltr'>Srsl.</span> <span class='ocrx_word' id='word_1_307' title='bbox 736 3028 788 3079; x_wconf 76' lang='lat' dir='ltr'>orl.</span> <span class='ocrx_word' id='word_1_308' title='bbox 811 3033 850 3079; x_wconf 77' lang='grc'>17.</span> <span class='ocrx_word' id='word_1_309' title='bbox 877 3026 992 3076; x_wconf 87' lang='lat' dir='ltr'>Auratus</span> <span class='ocrx_word' id='word_1_310' title='bbox 1013 3025 1079 3088; x_wconf 83' lang='lat' dir='ltr'>legit</span> <span class='ocrx_word' id='word_1_311' title='bbox 1096 3024 1264 3074; x_wconf 75' lang='lat' dir='ltr'>‘Haeduleiz&#39;</span> 
     </span>
    </p>

    <p class='ocr_par' dir='ltr' id='par_1_5' title="bbox 168 3100 1269 4146">
     <span class='ocr_line' id='line_1_33' title="bbox 201 3100 1265 3168; baseline -0.004 -13"><span class='ocrx_word' id='word_1_312' title='bbox 201 3100 368 3164; x_wconf 76' lang='lat' dir='ltr'>slloeclilia]</span> <span class='ocrx_word' id='word_1_313' title='bbox 407 3101 519 3165; x_wconf 78' lang='lat' dir='ltr'>Egregia</span> <span class='ocrx_word' id='word_1_314' title='bbox 544 3101 698 3164; x_wconf 81' lang='lat' dir='ltr'>exemplaris</span> <span class='ocrx_word' id='word_1_315' title='bbox 733 3119 792 3155; x_wconf 82' lang='lat' dir='ltr'>narn</span> <span class='ocrx_word' id='word_1_316' title='bbox 803 3111 832 3154; x_wconf 90' lang='lat' dir='ltr'>ut</span> <span class='ocrx_word' id='word_1_317' title='bbox 843 3104 877 3154; x_wconf 85' lang='lat' dir='ltr'>ab</span> <span class='ocrx_word' id='word_1_318' title='bbox 887 3118 979 3168; x_wconf 88' lang='lat' dir='ltr'>equus,</span> <span class='ocrx_word' id='word_1_319' title='bbox 997 3103 1114 3167; x_wconf 87' lang='lat' dir='ltr'>equulus,</span> <span class='ocrx_word' id='word_1_320' title='bbox 1131 3101 1265 3166; x_wconf 76' lang='lat' dir='ltr'>equalem,</span> 
     </span>
     <span class='ocr_line' id='line_1_34' title="bbox 170 3175 1267 3244; baseline 0 -18"><span class='ocrx_word' id='word_1_321' title='bbox 170 3175 300 3226; x_wconf 68' lang='lat' dir='ltr'>Gallicani</span> <span class='ocrx_word' id='word_1_322' title='bbox 317 3177 447 3240; x_wconf 84' lang='lat' dir='ltr'>scripturo</span> <span class='ocrx_word' id='word_1_323' title='bbox 471 3175 571 3226; x_wconf 82' lang='lat' dir='ltr'>duabus</span> <span class='ocrx_word' id='word_1_324' title='bbox 590 3176 698 3244; x_wconf 79' lang='lat' dir='ltr'>synaloe·</span> <span class='ocrx_word' id='word_1_325' title='bbox 734 3179 835 3242; x_wconf 88' lang='lat' dir='ltr'>hiuuus,</span> <span class='ocrx_word' id='word_1_326' title='bbox 861 3177 989 3239; x_wconf 90' lang='lat' dir='ltr'>hinnulus,</span> <span class='ocrx_word' id='word_1_327' title='bbox 1017 3176 1160 3239; x_wconf 88' lang='lat' dir='ltr'>hinnuleus,</span> <span class='ocrx_word' id='word_1_328' title='bbox 1187 3177 1224 3226; x_wconf 86' lang='lat' dir='ltr'>sie</span> <span class='ocrx_word' id='word_1_329' title='bbox 1250 3191 1267 3225; x_wconf 84' lang='lat' dir='ltr'>a</span> 
     </span>
     <span class='ocr_line' id='line_1_35' title="bbox 171 3251 1267 3317; baseline 0 -16"><span class='ocrx_word' id='word_1_330' title='bbox 171 3252 373 3317; x_wconf 85' lang='lat' dir='ltr'>phisconcepta‚</span> <span class='ocrx_word' id='word_1_331' title='bbox 386 3251 610 3313; x_wconf 76' lang='lat' dir='ltr'>Moeols&#39;ill&#39;ufurto:</span> <span class='ocrx_word' id='word_1_332' title='bbox 621 3259 698 3313; x_wconf 87' lang='lat' dir='ltr'>u,est</span> <span class='ocrx_word' id='word_1_333' title='bbox 733 3257 857 3314; x_wconf 85' lang='lat' dir='ltr'>moechus,</span> <span class='ocrx_word' id='word_1_334' title='bbox 868 3251 1186 3315; x_wconf 87' lang='lat' dir='ltr'>moechnlus‚moechuleus.</span> <span class='ocrx_word' id='word_1_335' title='bbox 1204 3252 1267 3301; x_wconf 87' lang='lat' dir='ltr'>Pus·</span> 
     </span>
     <span class='ocr_line' id='line_1_36' title="bbox 169 3326 840 3392; baseline -0.003 -15"><span class='ocrx_word' id='word_1_336' title='bbox 169 3329 216 3387; x_wconf 74' lang='lat' dir='ltr'>ch5</span> <span class='ocrx_word' id='word_1_337' title='bbox 230 3326 699 3392; x_wconf 81' lang='lat' dir='ltr'>nequealiteriunostrolibroscrip·</span> <span class='ocrx_word' id='word_1_338' title='bbox 731 3332 840 3381; x_wconf 79' lang='lat' dir='ltr'>mutius.</span> 
     </span>
     <span class='ocr_line' id='line_1_37' title="bbox 171 3402 1267 3466; baseline -0.003 -13"><span class='ocrx_word' id='word_1_339' title='bbox 171 3410 225 3453; x_wconf 88' lang='lat' dir='ltr'>tum</span> <span class='ocrx_word' id='word_1_340' title='bbox 236 3402 302 3453; x_wconf 80' lang='lat' dir='ltr'>fnit</span> <span class='ocrx_word' id='word_1_341' title='bbox 314 3402 350 3451; x_wconf 82' lang='lat' dir='ltr'>sll’</span> <span class='ocrx_word' id='word_1_342' title='bbox 361 3409 492 3452; x_wconf 74' lang='lat' dir='ltr'>prestarent</span> <span class='ocrx_word' id='word_1_343' title='bbox 502 3417 527 3451; x_wconf 84' lang='lat' dir='ltr'>sn</span> <span class='ocrx_word' id='word_1_344' title='bbox 536 3403 579 3452; x_wconf 70' lang='grc' dir='ltr'>ιιι</span> <span class='ocrx_word' id='word_1_345' title='bbox 588 3416 648 3466; x_wconf 81' lang='lat' dir='ltr'>quia</span> <span class='ocrx_word' id='word_1_346' title='bbox 656 3419 699 3449; x_wconf 82' lang='lat' dir='ltr'>rou</span> <span class='ocrx_word' id='word_1_347' title='bbox 766 3407 848 3455; x_wconf 62' lang='grc' dir='ltr'>ιδιά</span> <span class='ocrx_word' id='word_1_348' title='bbox 856 3410 979 3454; x_wconf 61' lang='lat' dir='ltr'>acuerunt</span> <span class='ocrx_word' id='word_1_349' title='bbox 994 3404 1109 3453; x_wconf 71' lang='lat' dir='ltr'>millinio</span> <span class='ocrx_word' id='word_1_350' title='bbox 1124 3417 1196 3452; x_wconf 86' lang='lat' dir='ltr'>uuum</span> <span class='ocrx_word' id='word_1_351' title='bbox 1207 3403 1267 3453; x_wconf 72' lang='lat' dir='ltr'>Sin-</span> 
     </span>
     <span class='ocr_line' id='line_1_38' title="bbox 170 3477 1267 3542; baseline 0.001 -15"><span class='ocrx_word' id='word_1_352' title='bbox 170 3481 180 3527; x_wconf 90' lang='lat' dir='ltr'>l</span> <span class='ocrx_word' id='word_1_353' title='bbox 198 3486 227 3528; x_wconf 91' lang='lat' dir='ltr'>et</span> <span class='ocrx_word' id='word_1_354' title='bbox 243 3477 252 3526; x_wconf 87' lang='grc' dir='ltr'>ι’</span> <span class='ocrx_word' id='word_1_355' title='bbox 270 3480 297 3528; x_wconf 85' lang='lat' dir='ltr'>iu</span> <span class='ocrx_word' id='word_1_356' title='bbox 313 3478 512 3542; x_wconf 68' lang='lat' dir='ltr'>longobardicis</span> <span class='ocrx_word' id='word_1_357' title='bbox 526 3477 608 3528; x_wconf 88' lang='lat' dir='ltr'>literis</span> <span class='ocrx_word' id='word_1_358' title='bbox 627 3478 699 3527; x_wconf 85' lang='lat' dir='ltr'>nulla</span> <span class='ocrx_word' id='word_1_359' title='bbox 731 3479 801 3542; x_wconf 74' lang='lat' dir='ltr'>gule]</span> <span class='ocrx_word' id='word_1_360' title='bbox 824 3479 904 3530; x_wconf 86' lang='lat' dir='ltr'>Liber</span> <span class='ocrx_word' id='word_1_361' title='bbox 923 3479 1036 3528; x_wconf 82' lang='lat' dir='ltr'>habehat</span> <span class='ocrx_word' id='word_1_362' title='bbox 1057 3479 1193 3540; x_wconf 57' lang='lat' dir='ltr'>Singaram,</span> <span class='ocrx_word' id='word_1_363' title='bbox 1213 3493 1267 3528; x_wconf 90' lang='lat' dir='ltr'>non</span> 
     </span>
     <span class='ocr_line' id='line_1_39' title="bbox 169 3551 1267 3618; baseline 0.003 -16"><span class='ocrx_word' id='word_1_364' title='bbox 169 3551 316 3603; x_wconf 80' lang='lat' dir='ltr'>differentia</span> <span class='ocrx_word' id='word_1_365' title='bbox 331 3559 379 3604; x_wconf 86' lang='lat' dir='ltr'>est.</span> <span class='ocrx_word' id='word_1_366' title='bbox 407 3554 507 3603; x_wconf 80' lang='lat' dir='ltr'>Putant</span> <span class='ocrx_word' id='word_1_367' title='bbox 520 3553 698 3616; x_wconf 77' lang='lat' dir='ltr'>aeuigmaesse</span> <span class='ocrx_word' id='word_1_368' title='bbox 734 3555 852 3618; x_wconf 68' lang='lat' dir='ltr'>Simius</span> <span class='ocrx_word' id='word_1_369' title='bbox 872 3556 909 3605; x_wconf 89' lang='lat' dir='ltr'>ita</span> <span class='ocrx_word' id='word_1_370' title='bbox 928 3555 1056 3604; x_wconf 85' lang='lat' dir='ltr'>exteritur</span> <span class='ocrx_word' id='word_1_371' title='bbox 1071 3553 1166 3614; x_wconf 85' lang='lat' dir='ltr'>media,</span> <span class='ocrx_word' id='word_1_372' title='bbox 1189 3556 1267 3605; x_wconf 86' lang='lat' dir='ltr'>utin</span> 
     </span>
     <span class='ocr_line' id='line_1_40' title="bbox 170 3626 1266 3692; baseline -0.002 -13"><span class='ocrx_word' id='word_1_373' title='bbox 170 3629 229 3691; x_wconf 86' lang='lat' dir='ltr'>hoc,</span> <span class='ocrx_word' id='word_1_374' title='bbox 240 3643 290 3676; x_wconf 77' lang='lat' dir='ltr'>tion</span> <span class='ocrx_word' id='word_1_375' title='bbox 305 3628 472 3691; x_wconf 80' lang='lat' dir='ltr'>epigramma,</span> <span class='ocrx_word' id='word_1_376' title='bbox 483 3627 597 3676; x_wconf 90' lang='lat' dir='ltr'>homines</span> <span class='ocrx_word' id='word_1_377' title='bbox 614 3626 699 3677; x_wconf 89' lang='lat' dir='ltr'>erudi·</span> <span class='ocrx_word' id='word_1_378' title='bbox 735 3629 946 3680; x_wconf 82' lang='lat' dir='ltr'>‘Auruncnlele.&#39;</span> <span class='ocrx_word' id='word_1_379' title='bbox 979 3630 1089 3678; x_wconf 87' lang='lat' dir='ltr'>Plautus</span> <span class='ocrx_word' id='word_1_380' title='bbox 1111 3628 1266 3692; x_wconf 81' lang='lat' dir='ltr'>clitellaria,</span> 
     </span>
     <span class='ocr_line' id='line_1_41' title="bbox 169 3703 1269 3770; baseline -0.004 -15"><span class='ocrx_word' id='word_1_381' title='bbox 169 3705 262 3756; x_wconf 87' lang='lat' dir='ltr'>tissimi</span> <span class='ocrx_word' id='word_1_382' title='bbox 274 3713 351 3770; x_wconf 89' lang='lat' dir='ltr'>atque</span> <span class='ocrx_word' id='word_1_383' title='bbox 361 3704 529 3754; x_wconf 88' lang='lat' dir='ltr'>disertissimi.</span> <span class='ocrx_word' id='word_1_384' title='bbox 552 3704 635 3769; x_wconf 84' lang='lat' dir='ltr'>Atqui</span> <span class='ocrx_word' id='word_1_385' title='bbox 643 3718 699 3754; x_wconf 87' lang='lat' dir='ltr'>cer·</span> <span class='ocrx_word' id='word_1_386' title='bbox 735 3705 829 3769; x_wconf 70' lang='grc' dir='ltr'>ιΑιιι,</span> <span class='ocrx_word' id='word_1_387' title='bbox 848 3705 975 3768; x_wconf 72' lang='lat' dir='ltr'>singulum</span> <span class='ocrx_word' id='word_1_388' title='bbox 1006 3704 1082 3754; x_wconf 84' lang='lat' dir='ltr'>video</span> <span class='ocrx_word' id='word_1_389' title='bbox 1109 3703 1269 3766; x_wconf 71' lang='lat' dir='ltr'>vestigium!</span> 
     </span>
     <span class='ocr_line' id='line_1_42' title="bbox 168 3778 1269 3845; baseline -0.006 -9"><span class='ocrx_word' id='word_1_390' title='bbox 168 3786 294 3837; x_wconf 78' lang='lat' dir='ltr'>tissimum</span> <span class='ocrx_word' id='word_1_391' title='bbox 303 3790 344 3834; x_wconf 87' lang='lat' dir='ltr'>est</span> <span class='ocrx_word' id='word_1_392' title='bbox 356 3784 485 3835; x_wconf 78' lang='lat' dir='ltr'>Catullum</span> <span class='ocrx_word' id='word_1_393' title='bbox 495 3781 591 3841; x_wconf 72' lang='lat' dir='ltr'>hieriu</span> <span class='ocrx_word' id='word_1_394' title='bbox 605 3780 700 3844; x_wconf 78' lang='grc' dir='ltr'><strong><em>σκάφην</em></strong></span> <span class='ocrx_word' id='word_1_395' title='bbox 734 3783 818 3832; x_wconf 82' lang='lat' dir='ltr'>Varro</span> <span class='ocrx_word' id='word_1_396' title='bbox 840 3780 958 3845; x_wconf 76' lang='grc' dir='ltr'>Περιπλιῢ</span> <span class='ocrx_word' id='word_1_397' title='bbox 978 3779 1023 3829; x_wconf 85' lang='lat' dir='ltr'>lio.</span> <span class='ocrx_word' id='word_1_398' title='bbox 1042 3791 1061 3828; x_wconf 89' lang='grc' dir='ltr'>ι.</span> <span class='ocrx_word' id='word_1_399' title='bbox 1086 3778 1179 3827; x_wconf 86' lang='lat' dir='ltr'>‘Tum</span> <span class='ocrx_word' id='word_1_400' title='bbox 1202 3793 1269 3829; x_wconf 81' lang='lat' dir='ltr'>reso</span> 
     </span>
     <span class='ocr_line' id='line_1_43' title="bbox 170 3853 1269 3926; baseline -0.008 -15"><span class='ocrx_word' id='word_1_401' title='bbox 170 3861 264 3926; x_wconf 75' lang='grc' dir='ltr'><strong><em>σκάφην</em></strong></span> <span class='ocrx_word' id='word_1_402' title='bbox 281 3876 382 3921; x_wconf 84' lang='lat' dir='ltr'>vocure,</span> <span class='ocrx_word' id='word_1_403' title='bbox 393 3869 421 3911; x_wconf 86' lang='lat' dir='ltr'>et</span> <span class='ocrx_word' id='word_1_404' title='bbox 436 3861 506 3909; x_wconf 85' lang='lat' dir='ltr'>nulla</span> <span class='ocrx_word' id='word_1_405' title='bbox 523 3874 570 3908; x_wconf 91' lang='lat' dir='ltr'>nos</span> <span class='ocrx_word' id='word_1_406' title='bbox 586 3857 700 3908; x_wconf 80' lang='lat' dir='ltr'>flexuosa</span> <span class='ocrx_word' id='word_1_407' title='bbox 736 3857 815 3907; x_wconf 82' lang='lat' dir='ltr'>(loces</span> <span class='ocrx_word' id='word_1_408' title='bbox 833 3856 966 3905; x_wconf 81' lang='lat' dir='ltr'>historiam</span> <span class='ocrx_word' id='word_1_409' title='bbox 983 3853 1166 3912; x_wconf 83' lang='lat' dir='ltr'>necessarium,</span> <span class='ocrx_word' id='word_1_410' title='bbox 1185 3855 1269 3904; x_wconf 88' lang='lat' dir='ltr'>semel</span> 
     </span>
     <span class='ocr_line' id='line_1_44' title="bbox 171 3929 1270 4000; baseline -0.011 -10"><span class='ocrx_word' id='word_1_411' title='bbox 171 3939 295 4000; x_wconf 88' lang='lat' dir='ltr'>dictione,</span> <span class='ocrx_word' id='word_1_412' title='bbox 307 3945 336 3987; x_wconf 89' lang='lat' dir='ltr'>ut</span> <span class='ocrx_word' id='word_1_413' title='bbox 347 3935 424 3998; x_wconf 69' lang='lat' dir='ltr'>hotius</span> <span class='ocrx_word' id='word_1_414' title='bbox 442 3936 485 3985; x_wconf 92' lang='lat' dir='ltr'>ille</span> <span class='ocrx_word' id='word_1_415' title='bbox 506 3937 581 3998; x_wconf 82' lang='lat' dir='ltr'>solet,</span> <span class='ocrx_word' id='word_1_416' title='bbox 597 3935 700 3983; x_wconf 86' lang='lat' dir='ltr'>morari</span> <span class='ocrx_word' id='word_1_417' title='bbox 736 3947 813 3982; x_wconf 89' lang='lat' dir='ltr'>uuum</span> <span class='ocrx_word' id='word_1_418' title='bbox 821 3931 950 3994; x_wconf 80' lang='lat' dir='ltr'>singulum</span> <span class='ocrx_word' id='word_1_419' title='bbox 959 3929 1033 3979; x_wconf 89' lang='lat' dir='ltr'>esse&#39;</span> <span class='ocrx_word' id='word_1_420' title='bbox 1055 3929 1270 3993; x_wconf 80' lang='lat' dir='ltr'>ltlemoctogesi·</span> 
     </span>
     <span class='ocr_line' id='line_1_45' title="bbox 171 4001 1269 4078; baseline -0.012 -12"><span class='ocrx_word' id='word_1_421' title='bbox 171 4015 218 4066; x_wconf 83' lang='lat' dir='ltr'>Ait</span> <span class='ocrx_word' id='word_1_422' title='bbox 235 4003 303 4065; x_wconf 81' lang='lat' dir='ltr'>euim</span> <span class='ocrx_word' id='word_1_423' title='bbox 322 4014 482 4078; x_wconf 87' lang='lat' dir='ltr'>simpliciter,</span> <span class='ocrx_word' id='word_1_424' title='bbox 503 4011 629 4075; x_wconf 89' lang='lat' dir='ltr'>Pompeio</span> <span class='ocrx_word' id='word_1_425' title='bbox 649 4010 700 4073; x_wconf 92' lang='lat' dir='ltr'>pri·</span> <span class='ocrx_word' id='word_1_426' title='bbox 736 4005 836 4069; x_wconf 76' lang='grc' dir='ltr'>ιιιιιιιερὶ</span> <span class='ocrx_word' id='word_1_427' title='bbox 844 4001 1007 4067; x_wconf 58' lang='lat' dir='ltr'>homoptoton,</span> <span class='ocrx_word' id='word_1_428' title='bbox 1018 4002 1269 4054; x_wconf 75' lang='grc' dir='ltr'>ιΗιιιιιιιιιιιοιιι·</span> 
     </span>
     <span class='ocr_line' id='line_1_46' title="bbox 170 4078 1268 4146; baseline -0.011 -6"><span class='ocrx_word' id='word_1_429' title='bbox 170 4090 239 4140; x_wconf 82' lang='lat' dir='ltr'>nium</span> <span class='ocrx_word' id='word_1_430' title='bbox 256 4091 361 4141; x_wconf 84' lang='lat' dir='ltr'>consule</span> <span class='ocrx_word' id='word_1_431' title='bbox 378 4103 454 4137; x_wconf 80' lang='lat' dir='ltr'>sinum</span> <span class='ocrx_word' id='word_1_432' title='bbox 472 4093 517 4136; x_wconf 87' lang='lat' dir='ltr'>aut</span> <span class='ocrx_word' id='word_1_433' title='bbox 532 4088 643 4136; x_wconf 85' lang='lat' dir='ltr'>alterurn</span> <span class='ocrx_word' id='word_1_434' title='bbox 661 4099 700 4133; x_wconf 88' lang='lat' dir='ltr'>re·</span> <span class='ocrx_word' id='word_1_435' title='bbox 737 4082 806 4132; x_wconf 83' lang='lat' dir='ltr'>modi</span> <span class='ocrx_word' id='word_1_436' title='bbox 809 4081 895 4146; x_wconf 88' lang='lat' dir='ltr'>,quod</span> <span class='ocrx_word' id='word_1_437' title='bbox 905 4078 1083 4129; x_wconf 83' lang='lat' dir='ltr'>nesciebamus</span> <span class='ocrx_word' id='word_1_438' title='bbox 1094 4079 1175 4129; x_wconf 86' lang='lat' dir='ltr'>semel</span> <span class='ocrx_word' id='word_1_439' title='bbox 1186 4089 1268 4129; x_wconf 85' lang='lat' dir='ltr'>unum</span> 
     </span>
    </p>
   </div>
   <div class='ocr_carea' id='block_1_5' title="bbox 171 4140 1306 4298">
    <p class='ocr_par' dir='ltr' id='par_1_6' title="bbox 171 4140 1306 4298">
     <span class='ocr_line' id='line_1_47' title="bbox 171 4140 1306 4298; baseline -0.014 -84"><span class='ocrx_word' id='word_1_440' title='bbox 171 4167 250 4230; x_wconf 84' lang='lat' dir='ltr'>periri</span> <span class='ocrx_word' id='word_1_441' title='bbox 266 4168 354 4216; x_wconf 81' lang='lat' dir='ltr'>llomae</span> <span class='ocrx_word' id='word_1_442' title='bbox 371 4165 449 4216; x_wconf 86' lang='lat' dir='ltr'>alicui</span> <span class='ocrx_word' id='word_1_443' title='bbox 464 4163 548 4215; x_wconf 81' lang='lat' dir='ltr'>lecti&#39;</span> <span class='ocrx_word' id='word_1_444' title='bbox 542 4176 699 4224; x_wconf 78' lang='lat' dir='ltr'>insessores;</span> <span class='ocrx_word' id='word_1_445' title='bbox 697 4140 865 4225; x_wconf 75' lang='lat' dir='ltr'>singulum</span> <span class='ocrx_word' id='word_1_446' title='bbox 876 4169 940 4206; x_wconf 86' lang='lat' dir='ltr'>esse.</span> <span class='ocrx_word' id='word_1_447' title='bbox 942 4153 1030 4202; x_wconf 70' lang='grc' dir='ltr'>’.δοιά</span> <span class='ocrx_word' id='word_1_448' title='bbox 1251 4212 1306 4298; x_wconf 57' lang='lat' dir='ltr'>Vb</span> 
     </span>
    </p>
   </div>
   <div class='ocr_carea' id='block_1_6' title="bbox 1153 4349 1281 4445">
    <p class='ocr_par' dir='ltr' id='par_1_7' title="bbox 1153 4349 1281 4445">
     <span class='ocr_line' id='line_1_48' title="bbox 1153 4349 1281 4445; baseline 0.039 -6"><span class='ocrx_word' id='word_1_449' title='bbox 1153 4349 1281 4445; x_wconf 52' lang='lat' dir='ltr'>tim,</span> 
     </span>
    </p>
   </div>
   <div class='ocr_carea' id='block_1_7' title="bbox 0 0 1400 4702">
    <p class='ocr_par' dir='ltr' id='par_1_8' title="bbox 0 0 1400 4702">
     <span class='ocr_line' id='line_1_49' title="bbox 0 0 1400 4702; baseline 0 0"><span class='ocrx_word' id='word_1_450' title='bbox 0 0 1400 4702; x_wconf 95' lang='lat' dir='ltr'> </span> 
     </span>
    </p>
   </div>
  </div>
 </body>
</html>
