2774 4702
485 332 516 377 c.
539 328 696 376 venenu
722 328 885 377 onrurnr
971 300 978 307 ’

519 638 721 705 CARMEN
755 639 853 704 0111.

564 809 616 856 AD
634 808 811 857 sinonem.

180 955 259 1034 Aut,
274 958 385 1035 sodes,
399 957 478 1021 mihi
493 957 596 1021 redde
612 957 730 1022 decem
745 959 908 1036 sestertia,
924 959 1008 1035 Silo,

222 1059 354 1124 Deinde
369 1064 442 1123 esto
457 1060 611 1143 quemvis
625 1079 739 1126 saevus
753 1066 789 1124 et
802 1059 1003 1124 indomitus:

181 1158 261 1237 Aut,
276 1161 306 1223 si
321 1167 352 1225 te
367 1162 492 1224 nummi
506 1160 683 1238 delectant,
699 1161 824 1238 desine,
841 1179 970 1244 quaeso,

222 1264 315 1327 Leno
330 1282 420 1340 esse,
436 1270 535 1347 utque
548 1264 638 1328 idem
652 1281 764 1327 saevus
779 1270 812 1328 et
826 1262 1018 1330 indomitus

169 1428 194 1477 0
204 1426 263 1490 otto,
272 1429 309 1476 vel
319 1427 418 1478 restitue
427 1429 494 1491 mibi,
504 1445 590 1494 quem,
598 1432 677 1479 decem
685 1429 805 1492 cedentia,
812 1433 836 1478 ct
846 1433 926 1490 poetec
937 1428 1044 1488 obseres
1051 1434 1074 1476 el
1085 1429 1241 1492 implacabilis

135 1498 247 1616 mm
256 1493 356 1541 ooluerie
362 1509 372 1552 ,·
391 1495 428 1542 cel
436 1494 459 1543 ci
470 1497 494 1542 te
502 1495 590 1543 nummi
601 1494 727 1557 oblectent,
735 1508 809 1555 cerm,
816 1507 866 1560 ovo,
875 1506 923 1542 ecre
933 1494 1065 1556 becumene
1076 1493 1148 1542 etiam
1156 1496 1240 1544 minoe

598 1652 772 1672 mm

169 1738 182 1782 l
202 1733 254 1782 Pro
265 1735 343 1781 decem
351 1733 377 1781 in
388 1733 513 1782 unoStet.
525 1733 582 1782 cod.
594 1738 645 1794 tuo,
656 1732 723 1781 unde
734 1733 828 1782 Fcere.
840 1733 904 1782 ferit
914 1735 975 1781 deo:
991 1734 1017 1780 in
1028 1735 1156 1783 nonnullis
1164 1736 1239 1785 Voce.

137 1797 214 1911 dm
225 1796 490 1912 snizltbeffihdilloeb
508 1799 552 1859 Ar,
561 1797 583 1846 ei
593 1802 618 1846 te
626 1798 716 1846 nomme·
734 1797 761 1845 in
779 1797 840 1846 Pet.
868 1797 967 1846 nimium
977 1810 1024 1860 pro
1035 1798 1125 1846 nummi
1136 1799 1162 1847 in
1175 1813 1238 1848 non-

627 1970 733 2022 NOTAE

171 2091 182 2134 l
202 2085 263 2144 Act,
273 2084 348 2146 eodm,
359 2082 423 2146 Silo]
446 2083 536 2132 Monet
550 2083 667 2133 Catullus
707 2082 829 2134 nentibne
840 2084 877 2134 ite
894 2084 959 2134 dicti
978 2085 1057 2136 fuere.
1090 2085 1185 2136 Plures
1197 2104 1241 2137 arr·

136 2164 259 2226 Silouem,
271 2161 313 2211 cui
333 2160 423 2210 decem
440 2160 560 2210 sestertia
577 2166 667 2211 mutuo
708 2165 760 2210 tem
771 2161 893 2223 leguntur
903 2159 1009 2210 fumiliae
1023 2161 1132 2224 hujusce
1143 2177 1242 2225 cogno·

137 2238 255 2300 dederet,
266 2244 295 2287 ut
313 2235 362 2286 eibi
379 2243 520 2285 mutuatam
533 2235 668 2300 pecuniam
708 2234 783 2285 minio
794 2235 863 2298 opud
876 2236 1003 2286 Romanor
1021 2234 1110 2296 fuisse,
1129 2239 1241 2288 maxime

137 2313 239 2374 reddet,
257 2327 288 2362 ec
305 2318 396 2376 posteo
413 2319 536 2377 quantum
556 2312 668 2362 voluerit
707 2311 806 2361 veroin
818 2317 895 2374 gente
914 2311 1013 2375 Sergio,
1031 2310 1154 2376 Antonin,
1176 2313 1242 2363 Pro·

136 2389 251 2440 ferocius
267 2402 383 2438 nummos
395 2388 541 2450 reposcenti
552 2388 668 2437 intermi-
708 2386 851 2450 pediculo.
876 2386 957 2448 Sodeo,
969 2400 1016 2449 pro
1031 2386 1073 2435 ‘ei
1084 2388 1182 2450 eoder,’
1196 2390 1242 2438 elii

136 2472 231 2533 netum
256 2471 302 2514 ent
313 2464 335 2513 ei
347 2463 456 2513 reddere
474 2465 550 2528 nolit,
567 2463 668 2513 detinet
708 2466 797 2514 volunt
812 2477 869 2512 esee
885 2464 1003 2524 verbnm,
1022 2468 1052 2511 ut
1075 2463 1242 2526 Priscianue3

137 2544 228 2592 saltem
239 2539 391 2589 lenocinium
408 2537 504 2603 facere,
519 2539 631 2589 ferocire
641 2545 669 2589 et
708 2537 859 2588 adverbium
877 2538 920 2586 elii
944 2537 1149 2588 exhortationem
1168 2555 1243 2606 roge·

137 2614 307 2666 interminari.
348 2615 448 2664 Silonee
469 2630 558 2676 porro,
580 2615 668 2664 Nonio
708 2612 1148 2665 tionemvedenoteneerbitruntur.

137 2691 264 2740 Marcello
282 2695 359 2751 teste,
376 2703 392 2736 e
410 2688 555 2750 superciliis
573 2689 667 2751 promi-

525 3079 732 3146 CARMEN
757 3079 852 3146 clv.

448 3250 500 3297 AD
516 3250 705 3310 QUENDAM
723 3251 770 3297 DE
789 3250 932 3299 LESBIA.
1012 3272 1015 3277 ·

140 3384 297 3477 (innuis,
314 3420 367 3464 me
380 3401 534 3484 potuisse
549 3420 633 3466 meae
647 3400 846 3465 maledicere
862 3401 952 3476 vitae,

181 3498 359 3563 Ambobus
372 3501 451 3564 mibi
464 3520 540 3584 quae
554 3502 663 3565 carior
676 3506 727 3564 est
741 3501 847 3564 oculis
859 3503 874 3563 l

171 3661 277 3710 Putasne
286 3674 322 3708 me
337 3659 438 3709 valuisse
453 3661 591 3711 mediocre
602 3663 684 3710 etnim
694 3675 761 3724 mec,
776 3677 829 3726 qvae
838 3663 897 3712 mibi
913 3665 981 3727 louge
996 3666 1074 3715 covior
1085 3672 1121 3716 eu
1137 3669 1242 3730 geniata

600 3785 776 3806 ΟΜΝΜΙῸ

171 3875 185 3918 1
205 3869 258 3918 Pro
270 3868 407 3918 maledicere
418 3867 483 3916 Scal.
495 3867 565 3928 conj.
582 3867 719 3930 valedicere,
737 3868 899 3932 improbante
910 3870 1062 3921 Marcii-l
1080 3873 1111 3922 In
1130 3843 1200 3926 sut.
1214 3850 1241 3925 et

633 4012 742 4063 NOTAE

175 4117 298 4178 t-Credr‘e,
308 4132 344 4166 me
352 4117 455 4179 potuisse
466 4115 616 4178 maledicere]
627 4116 670 4165 AE·
710 4116 804 4166 somam
821 4120 973 4182 vulgaverat
989 4119 1017 4168 in
1035 4121 1169 4184 populum,
1180 4124 1239 4173 Lev-

140 4192 223 4240 muluv
235 4192 328 4240 Catulli
348 4192 451 4256 quidam
471 4207 529 4242 curn
546 4192 670 4255 Tappone
711 4193 778 4243 biorn
796 4194 865 4243 inter
882 4201 911 4245 et
928 4196 1011 4259 iprum
1028 4196 1169 4249 discordiae
1188 4201 1239 4264 agi·
