<?xml version="1.0" encoding="UTF-8"?>
<!DOCTYPE html PUBLIC "-//W3C//DTD XHTML 1.0 Transitional//EN"
    "http://www.w3.org/TR/xhtml1/DTD/xhtml1-transitional.dtd">
<html xmlns="http://www.w3.org/1999/xhtml" xml:lang="en" lang="en">
 <head>
  <title>
</title>
<meta http-equiv="Content-Type" content="text/html;charset=utf-8" />
  <meta name='ocr-system' content='tesseract 3.04.00' />
  <meta name='ocr-capabilities' content='ocr_page ocr_carea ocr_par ocr_line ocrx_word'/>
</head>
<body>
  <div class='ocr_page' id='page_1' title='image "./cvaleriicatulli00catugoog/cvaleriicatulli00catugoog_0316.png"; bbox 0 0 2774 4702; ppageno 0'>
   <div class='ocr_carea' id='block_1_1' title="bbox 516 318 904 384">
    <p class='ocr_par' dir='ltr' id='par_1_1' title="bbox 516 318 904 384">
     <span class='ocr_line' id='line_1_1' title="bbox 516 318 904 384; baseline 0.01 -18"><span class='ocrx_word' id='word_1_1' title='bbox 516 318 681 384; x_wconf 68' lang='lat' dir='ltr'>¹oinnmr</span> <span class='ocrx_word' id='word_1_2' title='bbox 708 319 904 370; x_wconf 54' lang='lat' dir='ltr'>innixe</span> 
     </span>
    </p>
   </div>
   <div class='ocr_carea' id='block_1_2' title="bbox 158 453 1132 852">
    <p class='ocr_par' dir='ltr' id='par_1_2' title="bbox 163 453 1017 649">
     <span class='ocr_line' id='line_1_2' title="bbox 163 453 1017 549; baseline 0.012 -29"><span class='ocrx_word' id='word_1_3' title='bbox 163 453 320 543; x_wconf 85' lang='lat' dir='ltr'><strong>Suscipit,</strong></span> <span class='ocrx_word' id='word_1_4' title='bbox 335 479 357 525; x_wconf 93' lang='lat' dir='ltr'>o</span> <span class='ocrx_word' id='word_1_5' title='bbox 373 458 473 540; x_wconf 88' lang='lat' dir='ltr'>Gelli,</span> <span class='ocrx_word' id='word_1_6' title='bbox 490 468 649 544; x_wconf 84' lang='lat' dir='ltr'>qnantum</span> <span class='ocrx_word' id='word_1_7' title='bbox 662 483 729 527; x_wconf 90' lang='lat' dir='ltr'>non</span> <span class='ocrx_word' id='word_1_8' title='bbox 742 464 863 529; x_wconf 84' lang='lat' dir='ltr'>ultima</span> <span class='ocrx_word' id='word_1_9' title='bbox 876 464 1017 549; x_wconf 80' lang='lat' dir='ltr'><strong>Tethys,</strong></span> 
     </span>
     <span class='ocr_line' id='line_1_3' title="bbox 199 563 974 649; baseline 0 -21"><span class='ocrx_word' id='word_1_10' title='bbox 199 563 281 628; x_wconf 89' lang='lat' dir='ltr'>Non</span> <span class='ocrx_word' id='word_1_11' title='bbox 295 565 424 646; x_wconf 84' lang='lat' dir='ltr'>genitor</span> <span class='ocrx_word' id='word_1_12' title='bbox 439 563 673 649; x_wconf 84' lang='lat' dir='ltr'><strong>Nympharum</strong></span> <span class='ocrx_word' id='word_1_13' title='bbox 687 566 792 630; x_wconf 80' lang='lat' dir='ltr'>obluit</span> <span class='ocrx_word' id='word_1_14' title='bbox 806 564 974 629; x_wconf 86' lang='lat' dir='ltr'><strong>Oceanus.</strong></span> 
     </span>
    </p>

    <p class='ocr_par' dir='ltr' id='par_1_3' title="bbox 158 664 1132 852">
     <span class='ocr_line' id='line_1_4' title="bbox 158 664 1132 750; baseline 0.003 -22"><span class='ocrx_word' id='word_1_15' title='bbox 158 664 191 728; x_wconf 94' lang='lat' dir='ltr'>N</span> <span class='ocrx_word' id='word_1_16' title='bbox 193 686 247 730; x_wconf 83' lang='lat' dir='ltr'>am</span> <span class='ocrx_word' id='word_1_17' title='bbox 262 666 346 730; x_wconf 91' lang='lat' dir='ltr'>nihil</span> <span class='ocrx_word' id='word_1_18' title='bbox 359 673 413 730; x_wconf 90' lang='lat' dir='ltr'>est</span> <span class='ocrx_word' id='word_1_19' title='bbox 427 667 609 750; x_wconf 84' lang='lat' dir='ltr'>quicquam</span> <span class='ocrx_word' id='word_1_20' title='bbox 624 667 777 745; x_wconf 75' lang='lat' dir='ltr'>scolene,</span> <span class='ocrx_word' id='word_1_21' title='bbox 793 686 860 750; x_wconf 90' lang='lat' dir='ltr'>qno</span> <span class='ocrx_word' id='word_1_22' title='bbox 876 666 1016 747; x_wconf 81' lang='lat' dir='ltr'>prodeat</span> <span class='ocrx_word' id='word_1_23' title='bbox 1030 667 1132 731; x_wconf 84' lang='lat' dir='ltr'>ultra:</span> 
     </span>
     <span class='ocr_line' id='line_1_5' title="bbox 198 765 870 852; baseline 0.004 -23"><span class='ocrx_word' id='word_1_24' title='bbox 198 765 278 829; x_wconf 89' lang='lat' dir='ltr'>Non</span> <span class='ocrx_word' id='word_1_25' title='bbox 292 768 322 830; x_wconf 90' lang='lat' dir='ltr'>si</span> <span class='ocrx_word' id='word_1_26' title='bbox 337 766 485 830; x_wconf 87' lang='lat' dir='ltr'>demisso</span> <span class='ocrx_word' id='word_1_27' title='bbox 499 786 536 830; x_wconf 88' lang='lat' dir='ltr'>se</span> <span class='ocrx_word' id='word_1_28' title='bbox 551 768 625 850; x_wconf 87' lang='lat' dir='ltr'>ipse</span> <span class='ocrx_word' id='word_1_29' title='bbox 639 773 732 832; x_wconf 85' lang='lat' dir='ltr'>voret</span> <span class='ocrx_word' id='word_1_30' title='bbox 747 768 870 852; x_wconf 81' lang='lat' dir='ltr'>capite.</span> 
     </span>
    </p>
   </div>
   <div class='ocr_carea' id='block_1_3' title="bbox 151 931 1259 1060">
    <p class='ocr_par' dir='ltr' id='par_1_4' title="bbox 151 931 1259 1060">
     <span class='ocr_line' id='line_1_6' title="bbox 151 931 1259 998; baseline 0.006 -20"><span class='ocrx_word' id='word_1_31' title='bbox 151 948 164 979; x_wconf 85' lang='lat' dir='ltr'>o</span> <span class='ocrx_word' id='word_1_32' title='bbox 179 931 255 992; x_wconf 80' lang='lat' dir='ltr'>Gelli,</span> <span class='ocrx_word' id='word_1_33' title='bbox 261 936 374 994; x_wconf 66' lang='lat' dir='ltr'>mutum</span> <span class='ocrx_word' id='word_1_34' title='bbox 384 946 426 981; x_wconf 79' lang='lat' dir='ltr'>uec</span> <span class='ocrx_word' id='word_1_35' title='bbox 436 937 489 981; x_wconf 85' lang='lat' dir='ltr'>toto</span> <span class='ocrx_word' id='word_1_36' title='bbox 498 932 600 996; x_wconf 72' lang='lat' dir='ltr'>Tethyos</span> <span class='ocrx_word' id='word_1_37' title='bbox 607 948 667 996; x_wconf 73' lang='lat' dir='ltr'>uque</span> <span class='ocrx_word' id='word_1_38' title='bbox 677 948 720 983; x_wconf 78' lang='lat' dir='ltr'>uec</span> <span class='ocrx_word' id='word_1_39' title='bbox 731 935 838 983; x_wconf 72' lang='lat' dir='ltr'>Oceanus</span> <span class='ocrx_word' id='word_1_40' title='bbox 849 934 1011 997; x_wconf 70' lang='lat' dir='ltr'><strong><em>Nympharum</em></strong></span> <span class='ocrx_word' id='word_1_41' title='bbox 1017 937 1088 998; x_wconf 81' lang='lat' dir='ltr'>poter</span> <span class='ocrx_word' id='word_1_42' title='bbox 1094 934 1168 996; x_wconf 77' lang='lat' dir='ltr'>poerit</span> <span class='ocrx_word' id='word_1_43' title='bbox 1176 936 1259 986; x_wconf 84' lang='lat' dir='ltr'>eluere.</span> 
     </span>
     <span class='ocr_line' id='line_1_7' title="bbox 151 995 908 1060; baseline 0.005 -17"><span class='ocrx_word' id='word_1_44' title='bbox 151 995 210 1043; x_wconf 77' lang='lat' dir='ltr'>Non</span> <span class='ocrx_word' id='word_1_45' title='bbox 220 995 282 1044; x_wconf 76' lang='lat' dir='ltr'>erim</span> <span class='ocrx_word' id='word_1_46' title='bbox 290 996 356 1044; x_wconf 74' lang='lat' dir='ltr'>uliud</span> <span class='ocrx_word' id='word_1_47' title='bbox 367 998 456 1046; x_wconf 76' lang='lat' dir='ltr'>crimen</span> <span class='ocrx_word' id='word_1_48' title='bbox 466 1001 510 1060; x_wconf 77' lang='lat' dir='ltr'>eut,</span> <span class='ocrx_word' id='word_1_49' title='bbox 518 999 578 1060; x_wconf 82' lang='lat' dir='ltr'>quod</span> <span class='ocrx_word' id='word_1_50' title='bbox 588 998 653 1047; x_wconf 75' lang='lat' dir='ltr'>iutud</span> <span class='ocrx_word' id='word_1_51' title='bbox 661 1002 764 1060; x_wconf 72' lang='lat' dir='ltr'>superet.</span> <span class='ocrx_word' id='word_1_52' title='bbox 796 998 811 1026; x_wconf 80' lang='lat'>&#39;¹</span> <span class='ocrx_word' id='word_1_53' title='bbox 844 998 860 1026; x_wconf 73' lang='lat'>&#39;⁵</span> <span class='ocrx_word' id='word_1_54' title='bbox 893 998 908 1026; x_wconf 80' lang='lat'>&#39;¹</span> 
     </span>
    </p>
   </div>
   <div class='ocr_carea' id='block_1_4' title="bbox 612 1125 793 1144">
    <p class='ocr_par' dir='ltr' id='par_1_5' title="bbox 612 1125 793 1144">
     <span class='ocr_line' id='line_1_8' title="bbox 612 1125 793 1144; baseline 0 0"><span class='ocrx_word' id='word_1_55' title='bbox 612 1125 793 1144; x_wconf 61' lang='lat' dir='ltr'>mm</span> 
     </span>
    </p>
   </div>
   <div class='ocr_carea' id='block_1_5' title="bbox 145 1204 1258 1578">
    <p class='ocr_par' dir='ltr' id='par_1_6' title="bbox 145 1204 1258 1572">
     <span class='ocr_line' id='line_1_9' title="bbox 183 1204 1257 1268; baseline 0.005 -16"><span class='ocrx_word' id='word_1_56' title='bbox 183 1204 301 1263; x_wconf 50' lang='lat' dir='ltr'>&amp;Tettio</span> <span class='ocrx_word' id='word_1_57' title='bbox 312 1204 338 1252; x_wconf 88' lang='lat' dir='ltr'>in</span> <span class='ocrx_word' id='word_1_58' title='bbox 350 1205 495 1264; x_wconf 78' lang='lat' dir='ltr'>nonnullis3</span> <span class='ocrx_word' id='word_1_59' title='bbox 512 1206 539 1253; x_wconf 94' lang='lat' dir='ltr'>in</span> <span class='ocrx_word' id='word_1_60' title='bbox 551 1205 640 1254; x_wconf 85' lang='lat' dir='ltr'>Graev.</span> <span class='ocrx_word' id='word_1_61' title='bbox 658 1206 740 1255; x_wconf 77' lang='lat' dir='ltr'>llretio</span> <span class='ocrx_word' id='word_1_62' title='bbox 755 1213 846 1256; x_wconf 82' lang='lat' dir='ltr'>contre</span> <span class='ocrx_word' id='word_1_63' title='bbox 864 1207 940 1255; x_wconf 90' lang='lat' dir='ltr'>metri</span> <span class='ocrx_word' id='word_1_64' title='bbox 953 1208 1137 1257; x_wconf 77' lang='lat' dir='ltr'>rationem-6</span> <span class='ocrx_word' id='word_1_65' title='bbox 1154 1209 1257 1268; x_wconf 76' lang='lat' dir='ltr'>Neoge-</span> 
     </span>
     <span class='ocr_line' id='line_1_10' title="bbox 146 1267 1255 1336; baseline 0.004 -19"><span class='ocrx_word' id='word_1_66' title='bbox 146 1269 251 1317; x_wconf 82' lang='lat' dir='ltr'>rritorin</span> <span class='ocrx_word' id='word_1_67' title='bbox 261 1269 330 1317; x_wconf 79' lang='lat' dir='ltr'>stat.</span> <span class='ocrx_word' id='word_1_68' title='bbox 341 1267 416 1317; x_wconf 83' lang='lat' dir='ltr'>codd.</span> <span class='ocrx_word' id='word_1_69' title='bbox 425 1269 471 1317; x_wconf 81' lang='lat' dir='ltr'>red</span> <span class='ocrx_word' id='word_1_70' title='bbox 481 1270 582 1331; x_wconf 74' lang='lat' dir='ltr'>gravius</span> <span class='ocrx_word' id='word_1_71' title='bbox 591 1271 721 1332; x_wconf 87' lang='lat' dir='ltr'>repetitur</span> <span class='ocrx_word' id='word_1_72' title='bbox 733 1272 804 1320; x_wconf 82' lang='lat' dir='ltr'>Nou:</span> <span class='ocrx_word' id='word_1_73' title='bbox 819 1286 866 1334; x_wconf 94' lang='lat' dir='ltr'>pro</span> <span class='ocrx_word' id='word_1_74' title='bbox 875 1270 950 1319; x_wconf 82' lang='lat' dir='ltr'>abluit</span> <span class='ocrx_word' id='word_1_75' title='bbox 961 1271 988 1319; x_wconf 93' lang='lat' dir='ltr'>in</span> <span class='ocrx_word' id='word_1_76' title='bbox 1000 1271 1060 1320; x_wconf 77' lang='grc' dir='ltr'>ΑΜ.</span> <span class='ocrx_word' id='word_1_77' title='bbox 1071 1272 1145 1323; x_wconf 86' lang='lat' dir='ltr'>Junt.</span> <span class='ocrx_word' id='word_1_78' title='bbox 1154 1272 1255 1336; x_wconf 80' lang='lat' dir='ltr'>Gryph.</span> 
     </span>
     <span class='ocr_line' id='line_1_11' title="bbox 147 1331 1257 1399; baseline 0.005 -19"><span class='ocrx_word' id='word_1_79' title='bbox 147 1332 223 1380; x_wconf 86' lang='lat' dir='ltr'>Mur.</span> <span class='ocrx_word' id='word_1_80' title='bbox 244 1331 332 1381; x_wconf 82' lang='lat' dir='ltr'>Graev.</span> <span class='ocrx_word' id='word_1_81' title='bbox 355 1331 423 1393; x_wconf 77' lang='lat' dir='ltr'>aliie,</span> <span class='ocrx_word' id='word_1_82' title='bbox 440 1333 521 1382; x_wconf 81' lang='lat' dir='ltr'>obluat</span> <span class='ocrx_word' id='word_1_83' title='bbox 530 1349 539 1390; x_wconf 88' lang='lat'><em>;</em></span> <span class='ocrx_word' id='word_1_84' title='bbox 559 1333 605 1381; x_wconf 79' lang='lat' dir='ltr'>sed</span> <span class='ocrx_word' id='word_1_85' title='bbox 624 1334 685 1382; x_wconf 87' lang='lat' dir='ltr'>illud</span> <span class='ocrx_word' id='word_1_86' title='bbox 697 1348 731 1383; x_wconf 88' lang='lat' dir='ltr'>ex</span> <span class='ocrx_word' id='word_1_87' title='bbox 743 1336 826 1383; x_wconf 86' lang='lat' dir='ltr'>veteri</span> <span class='ocrx_word' id='word_1_88' title='bbox 843 1335 974 1399; x_wconf 79' lang='lat' dir='ltr'>scriptura</span> <span class='ocrx_word' id='word_1_89' title='bbox 990 1333 1135 1384; x_wconf 85' lang='lat' dir='ltr'>defenduut</span> <span class='ocrx_word' id='word_1_90' title='bbox 1151 1336 1216 1386; x_wconf 80' lang='lat' dir='ltr'>Seni.</span> <span class='ocrx_word' id='word_1_91' title='bbox 1228 1342 1257 1385; x_wconf 87' lang='lat' dir='ltr'>et</span> 
     </span>
     <span class='ocr_line' id='line_1_12' title="bbox 146 1396 1258 1462; baseline 0.004 -19"><span class='ocrx_word' id='word_1_92' title='bbox 146 1396 226 1444; x_wconf 80' lang='lat' dir='ltr'>Voss.</span> <span class='ocrx_word' id='word_1_93' title='bbox 245 1401 383 1458; x_wconf 86' lang='lat' dir='ltr'>utrumque</span> <span class='ocrx_word' id='word_1_94' title='bbox 401 1403 474 1445; x_wconf 87' lang='lat' dir='ltr'>reete</span> <span class='ocrx_word' id='word_1_95' title='bbox 492 1398 543 1445; x_wconf 83' lang='lat' dir='ltr'>dici</span> <span class='ocrx_word' id='word_1_96' title='bbox 564 1404 639 1458; x_wconf 80' lang='lat' dir='ltr'>putot</span> <span class='ocrx_word' id='word_1_97' title='bbox 661 1398 789 1446; x_wconf 78' lang='lat' dir='ltr'>Doer.-7</span> <span class='ocrx_word' id='word_1_98' title='bbox 807 1398 839 1446; x_wconf 90' lang='lat' dir='ltr'>In</span> <span class='ocrx_word' id='word_1_99' title='bbox 851 1399 918 1448; x_wconf 85' lang='lat' dir='ltr'>Seul.</span> <span class='ocrx_word' id='word_1_100' title='bbox 930 1399 1007 1448; x_wconf 79' lang='lat' dir='ltr'>Voss.</span> <span class='ocrx_word' id='word_1_101' title='bbox 1023 1406 1051 1448; x_wconf 88' lang='lat' dir='ltr'>et</span> <span class='ocrx_word' id='word_1_102' title='bbox 1062 1400 1122 1461; x_wconf 89' lang='lat' dir='ltr'>Bip.</span> <span class='ocrx_word' id='word_1_103' title='bbox 1133 1401 1194 1462; x_wconf 78' lang='lat' dir='ltr'>quod</span> <span class='ocrx_word' id='word_1_104' title='bbox 1203 1396 1258 1462; x_wconf 85' lang='lat' dir='ltr'>pro&#39;·</span> 
     </span>
     <span class='ocr_line' id='line_1_13' title="bbox 145 1458 1256 1572; baseline 0.005 -66"><span class='ocrx_word' id='word_1_105' title='bbox 145 1461 214 1572; x_wconf 51' lang='lat' dir='ltr'>gent,</span> <span class='ocrx_word' id='word_1_106' title='bbox 225 1458 326 1521; x_wconf 78' lang='lat' dir='ltr'>uerique</span> <span class='ocrx_word' id='word_1_107' title='bbox 338 1466 380 1509; x_wconf 87' lang='lat' dir='ltr'>est</span> <span class='ocrx_word' id='word_1_108' title='bbox 396 1460 423 1508; x_wconf 90' lang='lat' dir='ltr'>in</span> <span class='ocrx_word' id='word_1_109' title='bbox 439 1460 500 1512; x_wconf 87' lang='lat' dir='ltr'>edd.</span> <span class='ocrx_word' id='word_1_110' title='bbox 516 1460 606 1510; x_wconf 79' lang='lat' dir='ltr'>Parth.</span> <span class='ocrx_word' id='word_1_111' title='bbox 624 1461 727 1525; x_wconf 86' lang='lat' dir='ltr'>Gryph.</span> <span class='ocrx_word' id='word_1_112' title='bbox 744 1462 815 1510; x_wconf 87' lang='lat' dir='ltr'>Mur.</span> <span class='ocrx_word' id='word_1_113' title='bbox 834 1463 911 1512; x_wconf 83' lang='lat' dir='ltr'>Cant.</span> <span class='ocrx_word' id='word_1_114' title='bbox 931 1462 1020 1512; x_wconf 82' lang='lat' dir='ltr'>Graev.</span> <span class='ocrx_word' id='word_1_115' title='bbox 1036 1463 1116 1525; x_wconf 85' lang='lat' dir='ltr'>Vulp.</span> <span class='ocrx_word' id='word_1_116' title='bbox 1137 1477 1211 1513; x_wconf 84' lang='lat' dir='ltr'>anon.</span> <span class='ocrx_word' id='word_1_117' title='bbox 1228 1470 1256 1512; x_wconf 93' lang='lat' dir='ltr'>et</span> 
     </span>
    </p>

    <p class='ocr_par' dir='ltr' id='par_1_7' title="bbox 176 1529 542 1578">
     <span class='ocr_line' id='line_1_14' title="bbox 176 1529 542 1578; baseline 0 -7"><span class='ocrx_word' id='word_1_118' title='bbox 176 1529 227 1571; x_wconf 88' lang='lat' dir='ltr'>ott.</span> <span class='ocrx_word' id='word_1_119' title='bbox 538 1569 542 1578; x_wconf 84' lang='grc'><strong><em>,</em></strong></span> 
     </span>
    </p>
   </div>
   <div class='ocr_carea' id='block_1_6' title="bbox 653 1637 761 1687">
    <p class='ocr_par' dir='ltr' id='par_1_8' title="bbox 653 1637 761 1687">
     <span class='ocr_line' id='line_1_15' title="bbox 653 1637 761 1687; baseline 0 -1"><span class='ocrx_word' id='word_1_120' title='bbox 653 1637 761 1687; x_wconf 78' lang='lat' dir='ltr'>NO&#39;l&#39;AE</span> 
     </span>
    </p>
   </div>
   <div class='ocr_carea' id='block_1_7' title="bbox 144 1744 1255 2701">
    <p class='ocr_par' dir='ltr' id='par_1_9' title="bbox 144 1744 1255 2701">
     <span class='ocr_line' id='line_1_16' title="bbox 147 1744 1254 1813; baseline 0.005 -18"><span class='ocrx_word' id='word_1_121' title='bbox 147 1744 283 1807; x_wconf 82' lang='lat' dir='ltr'>infamem,</span> <span class='ocrx_word' id='word_1_122' title='bbox 302 1752 393 1809; x_wconf 81' lang='lat' dir='ltr'>utpote</span> <span class='ocrx_word' id='word_1_123' title='bbox 412 1748 456 1811; x_wconf 89' lang='lat' dir='ltr'>qui</span> <span class='ocrx_word' id='word_1_124' title='bbox 475 1754 595 1809; x_wconf 80' lang='lat' dir='ltr'>matrem,</span> <span class='ocrx_word' id='word_1_125' title='bbox 615 1763 684 1796; x_wconf 81' lang='lat' dir='ltr'>soro·</span> <span class='ocrx_word' id='word_1_126' title='bbox 755 1753 771 1797; x_wconf 85' lang='lat'><strong>8</strong></span> <span class='ocrx_word' id='word_1_127' title='bbox 789 1748 996 1813; x_wconf 78' lang='lat' dir='ltr'>Nouridemiruo]</span> <span class='ocrx_word' id='word_1_128' title='bbox 1022 1749 1254 1800; x_wconf 81' lang='lat' dir='ltr'>Nonetiumnire·</span> 
     </span>
     <span class='ocr_line' id='line_1_17' title="bbox 147 1823 929 1888; baseline 0.008 -20"><span class='ocrx_word' id='word_1_129' title='bbox 147 1835 213 1883; x_wconf 88' lang='lat' dir='ltr'>rem,</span> <span class='ocrx_word' id='word_1_130' title='bbox 228 1823 315 1883; x_wconf 82' lang='lat' dir='ltr'>patrui</span> <span class='ocrx_word' id='word_1_131' title='bbox 328 1838 444 1884; x_wconf 86' lang='lat' dir='ltr'>uxorem,</span> <span class='ocrx_word' id='word_1_132' title='bbox 461 1832 632 1888; x_wconf 80' lang='lat' dir='ltr'>patruumque</span> <span class='ocrx_word' id='word_1_133' title='bbox 644 1825 683 1888; x_wconf 91' lang='lat' dir='ltr'>ip·</span> <span class='ocrx_word' id='word_1_134' title='bbox 723 1825 807 1887; x_wconf 80' lang='lat' dir='ltr'>ipsum</span> <span class='ocrx_word' id='word_1_135' title='bbox 819 1823 929 1874; x_wconf 79' lang='lat' dir='ltr'>felleret.</span> 
     </span>
     <span class='ocr_line' id='line_1_18' title="bbox 147 1897 1255 1965; baseline 0.005 -19"><span class='ocrx_word' id='word_1_136' title='bbox 147 1897 341 1961; x_wconf 66' lang='lat' dir='ltr'>tumidiorque</span> <span class='ocrx_word' id='word_1_137' title='bbox 353 1905 475 1962; x_wconf 73' lang='lat' dir='ltr'>cognatas</span> <span class='ocrx_word' id='word_1_138' title='bbox 493 1901 600 1963; x_wconf 82' lang='lat' dir='ltr'>puellas,</span> <span class='ocrx_word' id='word_1_139' title='bbox 618 1914 684 1950; x_wconf 86' lang='lat' dir='ltr'>unue</span> <span class='ocrx_word' id='word_1_140' title='bbox 756 1900 864 1949; x_wconf 79' lang='lat' dir='ltr'>Demiero</span> <span class='ocrx_word' id='word_1_141' title='bbox 872 1900 960 1962; x_wconf 78' lang='lat' dir='ltr'>capite]</span> <span class='ocrx_word' id='word_1_142' title='bbox 969 1901 1006 1949; x_wconf 88' lang='lat' dir='ltr'>Ut</span> <span class='ocrx_word' id='word_1_143' title='bbox 1014 1900 1046 1950; x_wconf 80' lang='lat' dir='ltr'>ud</span> <span class='ocrx_word' id='word_1_144' title='bbox 1054 1899 1255 1965; x_wconf 80' lang='lat' dir='ltr'>fellandum,uut</span> 
     </span>
     <span class='ocr_line' id='line_1_19' title="bbox 146 1971 1255 2039; baseline 0.009 -20"><span class='ocrx_word' id='word_1_145' title='bbox 146 1971 349 2021; x_wconf 81' lang='lat' dir='ltr'><strong>contaminaret.</strong></span> <span class='ocrx_word' id='word_1_146' title='bbox 723 1975 795 2025; x_wconf 80' lang='lat' dir='ltr'>adse</span> <span class='ocrx_word' id='word_1_147' title='bbox 807 1975 960 2038; x_wconf 81' lang='lat' dir='ltr'>necandum,</span> <span class='ocrx_word' id='word_1_148' title='bbox 982 1975 1049 2039; x_wconf 87' lang='lat' dir='ltr'>quod</span> <span class='ocrx_word' id='word_1_149' title='bbox 1065 1976 1201 2025; x_wconf 75' lang='lat' dir='ltr'>monimum</span> <span class='ocrx_word' id='word_1_150' title='bbox 1213 1983 1255 2029; x_wconf 78' lang='lat' dir='ltr'>eut</span> 
     </span>
     <span class='ocr_line' id='line_1_20' title="bbox 179 2046 1254 2115; baseline 0.008 -23"><span class='ocrx_word' id='word_1_151' title='bbox 179 2046 271 2093; x_wconf 75' lang='lat' dir='ltr'>oNou</span> <span class='ocrx_word' id='word_1_152' title='bbox 287 2047 372 2094; x_wconf 79' lang='lat' dir='ltr'>ultimo</span> <span class='ocrx_word' id='word_1_153' title='bbox 384 2046 482 2110; x_wconf 74' lang='lat' dir='ltr'>Tethyn]</span> <span class='ocrx_word' id='word_1_154' title='bbox 515 2048 580 2106; x_wconf 81' lang='lat' dir='ltr'>Tum</span> <span class='ocrx_word' id='word_1_155' title='bbox 598 2046 681 2097; x_wconf 85' lang='lat' dir='ltr'>infun·</span> <span class='ocrx_word' id='word_1_156' title='bbox 722 2050 1069 2112; x_wconf 81' lang='lat' dir='ltr'>rcelueeeipsumoccidere.</span> <span class='ocrx_word' id='word_1_157' title='bbox 1097 2050 1173 2100; x_wconf 88' lang='lat' dir='ltr'>Unde</span> <span class='ocrx_word' id='word_1_158' title='bbox 1182 2051 1254 2115; x_wconf 79' lang='lat' dir='ltr'>Virg.</span> 
     </span>
     <span class='ocr_line' id='line_1_21' title="bbox 147 2120 1254 2187; baseline 0.005 -18"><span class='ocrx_word' id='word_1_159' title='bbox 147 2120 208 2170; x_wconf 89' lang='lat' dir='ltr'>dum</span> <span class='ocrx_word' id='word_1_160' title='bbox 220 2129 248 2170; x_wconf 91' lang='lat' dir='ltr'>et</span> <span class='ocrx_word' id='word_1_161' title='bbox 260 2121 409 2170; x_wconf 80' lang='lat' dir='ltr'>execrabile</span> <span class='ocrx_word' id='word_1_162' title='bbox 427 2123 511 2171; x_wconf 74' lang='lat' dir='ltr'>scelus</span> <span class='ocrx_word' id='word_1_163' title='bbox 523 2130 573 2184; x_wconf 87' lang='lat' dir='ltr'>est,</span> <span class='ocrx_word' id='word_1_164' title='bbox 589 2131 618 2172; x_wconf 87' lang='lat' dir='ltr'>ut</span> <span class='ocrx_word' id='word_1_165' title='bbox 630 2138 681 2172; x_wconf 90' lang='lat' dir='ltr'>om·</span> <span class='ocrx_word' id='word_1_166' title='bbox 721 2125 876 2187; x_wconf 80' lang='lat' dir='ltr'>‘Virumque</span> <span class='ocrx_word' id='word_1_167' title='bbox 888 2125 976 2185; x_wconf 82' lang='lat' dir='ltr'>perosi</span> <span class='ocrx_word' id='word_1_168' title='bbox 986 2123 1130 2186; x_wconf 87' lang='lat' dir='ltr'>Projecere</span> <span class='ocrx_word' id='word_1_169' title='bbox 1139 2125 1254 2176; x_wconf 69' lang='lat' dir='ltr'>unimur!</span> 
     </span>
     <span class='ocr_line' id='line_1_22' title="bbox 146 2197 1252 2264; baseline 0.006 -20"><span class='ocrx_word' id='word_1_170' title='bbox 146 2197 223 2246; x_wconf 78' lang='lat' dir='ltr'>nibus</span> <span class='ocrx_word' id='word_1_171' title='bbox 236 2197 339 2245; x_wconf 90' lang='lat' dir='ltr'>omuino</span> <span class='ocrx_word' id='word_1_172' title='bbox 347 2198 419 2260; x_wconf 76' lang='lat' dir='ltr'>aquis</span> <span class='ocrx_word' id='word_1_173' title='bbox 426 2197 525 2246; x_wconf 83' lang='lat' dir='ltr'>Oceani</span> <span class='ocrx_word' id='word_1_174' title='bbox 534 2213 584 2246; x_wconf 94' lang='lat' dir='ltr'>nou</span> <span class='ocrx_word' id='word_1_175' title='bbox 596 2199 680 2261; x_wconf 75' lang='lat' dir='ltr'>possit</span> <span class='ocrx_word' id='word_1_176' title='bbox 720 2201 761 2248; x_wconf 86' lang='lat' dir='ltr'>De</span> <span class='ocrx_word' id='word_1_177' title='bbox 770 2201 810 2249; x_wconf 87' lang='lat' dir='ltr'>his</span> <span class='ocrx_word' id='word_1_178' title='bbox 822 2206 909 2250; x_wconf 81' lang='lat' dir='ltr'>autem</span> <span class='ocrx_word' id='word_1_179' title='bbox 921 2200 965 2264; x_wconf 90' lang='lat' dir='ltr'>qui</span> <span class='ocrx_word' id='word_1_180' title='bbox 982 2200 1081 2262; x_wconf 74' lang='lat' dir='ltr'>seipsos</span> <span class='ocrx_word' id='word_1_181' title='bbox 1091 2201 1252 2258; x_wconf 87' lang='lat' dir='ltr'>interimunt,</span> 
     </span>
     <span class='ocr_line' id='line_1_23' title="bbox 147 2271 1252 2341; baseline 0.005 -21"><span class='ocrx_word' id='word_1_182' title='bbox 147 2271 226 2322; x_wconf 80' lang='lat' dir='ltr'>ablui.</span> <span class='ocrx_word' id='word_1_183' title='bbox 259 2273 395 2322; x_wconf 82' lang='lat' dir='ltr'>Putubunt</span> <span class='ocrx_word' id='word_1_184' title='bbox 412 2273 479 2320; x_wconf 91' lang='lat' dir='ltr'>euim</span> <span class='ocrx_word' id='word_1_185' title='bbox 499 2274 608 2323; x_wconf 88' lang='lat' dir='ltr'>Veteres</span> <span class='ocrx_word' id='word_1_186' title='bbox 628 2276 678 2324; x_wconf 88' lang='lat' dir='ltr'>cri·</span> <span class='ocrx_word' id='word_1_187' title='bbox 719 2276 779 2341; x_wconf 79' lang='lat' dir='ltr'>virle</span> <span class='ocrx_word' id='word_1_188' title='bbox 791 2275 908 2324; x_wconf 83' lang='lat' dir='ltr'>Macrob.</span> <span class='ocrx_word' id='word_1_189' title='bbox 928 2275 973 2324; x_wconf 90' lang='lat' dir='ltr'>lib.</span> <span class='ocrx_word' id='word_1_190' title='bbox 985 2290 1004 2324; x_wconf 87' lang='lat' dir='ltr'>t.</span> <span class='ocrx_word' id='word_1_191' title='bbox 1024 2275 1057 2323; x_wconf 91' lang='lat' dir='ltr'>de</span> <span class='ocrx_word' id='word_1_192' title='bbox 1077 2276 1182 2326; x_wconf 88' lang='lat' dir='ltr'>Somnio</span> <span class='ocrx_word' id='word_1_193' title='bbox 1196 2277 1252 2327; x_wconf 89' lang='lat' dir='ltr'>Sci·</span> 
     </span>
     <span class='ocr_line' id='line_1_24' title="bbox 146 2348 1253 2413; baseline 0.003 -17"><span class='ocrx_word' id='word_1_194' title='bbox 146 2349 216 2397; x_wconf 81' lang='lat' dir='ltr'>minu</span> <span class='ocrx_word' id='word_1_195' title='bbox 236 2348 341 2398; x_wconf 80' lang='lat' dir='ltr'>marinis</span> <span class='ocrx_word' id='word_1_196' title='bbox 363 2349 437 2413; x_wconf 78' lang='lat' dir='ltr'>aquit</span> <span class='ocrx_word' id='word_1_197' title='bbox 460 2349 574 2412; x_wconf 80' lang='lat' dir='ltr'>expiari:</span> <span class='ocrx_word' id='word_1_198' title='bbox 609 2349 678 2413; x_wconf 86' lang='lat' dir='ltr'>quod</span> <span class='ocrx_word' id='word_1_199' title='bbox 719 2350 816 2413; x_wconf 84' lang='lat' dir='ltr'>pionis,</span> <span class='ocrx_word' id='word_1_200' title='bbox 834 2349 1020 2410; x_wconf 71' lang='lat' dir='ltr'>Augurinum,</span> <span class='ocrx_word' id='word_1_201' title='bbox 1039 2349 1083 2398; x_wconf 88' lang='lat' dir='ltr'>lib.</span> <span class='ocrx_word' id='word_1_202' title='bbox 1095 2364 1115 2400; x_wconf 89' lang='lat'>1.</span> <span class='ocrx_word' id='word_1_203' title='bbox 1135 2350 1168 2399; x_wconf 89' lang='lat' dir='ltr'>de</span> <span class='ocrx_word' id='word_1_204' title='bbox 1186 2351 1253 2399; x_wconf 86' lang='lat' dir='ltr'>Civi-</span> 
     </span>
     <span class='ocr_line' id='line_1_25' title="bbox 145 2424 1251 2488; baseline 0.002 -15"><span class='ocrx_word' id='word_1_205' title='bbox 145 2425 224 2473; x_wconf 82' lang='lat' dir='ltr'>etiam</span> <span class='ocrx_word' id='word_1_206' title='bbox 244 2424 343 2472; x_wconf 80' lang='lat' dir='ltr'>indicat</span> <span class='ocrx_word' id='word_1_207' title='bbox 364 2426 418 2474; x_wconf 87' lang='lat' dir='ltr'>Cic.</span> <span class='ocrx_word' id='word_1_208' title='bbox 437 2425 514 2474; x_wconf 80' lang='lat' dir='ltr'>Orat.</span> <span class='ocrx_word' id='word_1_209' title='bbox 537 2439 586 2488; x_wconf 93' lang='lat' dir='ltr'>pro</span> <span class='ocrx_word' id='word_1_210' title='bbox 603 2426 677 2474; x_wconf 84' lang='lat' dir='ltr'>Sext.</span> <span class='ocrx_word' id='word_1_211' title='bbox 719 2433 774 2477; x_wconf 83' lang='lat' dir='ltr'>tate</span> <span class='ocrx_word' id='word_1_212' title='bbox 793 2426 858 2486; x_wconf 88' lang='lat' dir='ltr'>Dei,</span> <span class='ocrx_word' id='word_1_213' title='bbox 875 2432 903 2474; x_wconf 90' lang='lat' dir='ltr'>et</span> <span class='ocrx_word' id='word_1_214' title='bbox 921 2425 1073 2487; x_wconf 82' lang='lat' dir='ltr'>Joseplrum‚</span> <span class='ocrx_word' id='word_1_215' title='bbox 1091 2424 1136 2475; x_wconf 86' lang='lat' dir='ltr'>lib.</span> <span class='ocrx_word' id='word_1_216' title='bbox 1153 2440 1197 2476; x_wconf 84' lang='grc' dir='ltr'><strong>ιιι.</strong></span> <span class='ocrx_word' id='word_1_217' title='bbox 1218 2427 1251 2475; x_wconf 86' lang='lat' dir='ltr'>de</span> 
     </span>
     <span class='ocr_line' id='line_1_26' title="bbox 145 2498 1250 2563; baseline 0.004 -15"><span class='ocrx_word' id='word_1_218' title='bbox 145 2501 248 2554; x_wconf 84' lang='lat' dir='ltr'>Roscio.</span> <span class='ocrx_word' id='word_1_219' title='bbox 292 2500 447 2563; x_wconf 84' lang='lat' dir='ltr'>Euripides:</span> <span class='ocrx_word' id='word_1_220' title='bbox 466 2499 584 2548; x_wconf 71' lang='grc' dir='ltr'>Θάλασσα</span> <span class='ocrx_word' id='word_1_221' title='bbox 593 2498 678 2562; x_wconf 75' lang='grc' dir='ltr'>κλύζει</span> <span class='ocrx_word' id='word_1_222' title='bbox 718 2499 924 2551; x_wconf 86' lang='lat' dir='ltr'>Bellanduico.</span> <span class='ocrx_word' id='word_1_223' title='bbox 958 2499 1054 2549; x_wconf 85' lang='lat' dir='ltr'>Melius</span> <span class='ocrx_word' id='word_1_224' title='bbox 1067 2499 1250 2552; x_wconf 86' lang='lat' dir='ltr'>tumendefel·</span> 
     </span>
     <span class='ocr_line' id='line_1_27' title="bbox 144 2573 991 2639; baseline -0.001 -17"><span class='ocrx_word' id='word_1_225' title='bbox 144 2573 223 2624; x_wconf 72' lang='grc' dir='ltr'>πάντα</span> <span class='ocrx_word' id='word_1_226' title='bbox 240 2577 289 2623; x_wconf 72' lang='grc' dir='ltr'>τῶν</span> <span class='ocrx_word' id='word_1_227' title='bbox 305 2575 426 2638; x_wconf 69' lang='grc' dir='ltr'><strong><em>ἀνθρώπων</em></strong></span> <span class='ocrx_word' id='word_1_228' title='bbox 436 2573 511 2624; x_wconf 69' lang='grc' dir='ltr'><strong><em>κακός</em></strong></span> <span class='ocrx_word' id='word_1_229' title='bbox 537 2577 679 2626; x_wconf 82' lang='lat' dir='ltr'>Mortalium</span> <span class='ocrx_word' id='word_1_230' title='bbox 719 2577 816 2626; x_wconf 84' lang='lat' dir='ltr'>latione</span> <span class='ocrx_word' id='word_1_231' title='bbox 827 2574 991 2639; x_wconf 82' lang='lat' dir='ltr'>intelligitur.</span> 
     </span>
     <span class='ocr_line' id='line_1_28' title="bbox 144 2651 464 2701; baseline 0.003 -2"><span class='ocrx_word' id='word_1_232' title='bbox 144 2653 207 2700; x_wconf 83' lang='lat' dir='ltr'>mutu</span> <span class='ocrx_word' id='word_1_233' title='bbox 215 2652 294 2700; x_wconf 79' lang='lat' dir='ltr'>omnio</span> <span class='ocrx_word' id='word_1_234' title='bbox 304 2651 379 2700; x_wconf 81' lang='lat' dir='ltr'>alluit</span> <span class='ocrx_word' id='word_1_235' title='bbox 390 2666 464 2701; x_wconf 81' lang='lat' dir='ltr'>mure.</span> 
     </span>
    </p>
   </div>
   <div class='ocr_carea' id='block_1_8' title="bbox 554 2856 840 2893">
    <p class='ocr_par' dir='ltr' id='par_1_10' title="bbox 554 2856 840 2893">
     <span class='ocr_line' id='line_1_29' title="bbox 554 2856 840 2870; baseline 0.014 -4"><span class='ocrx_word' id='word_1_236' title='bbox 554 2856 840 2870; x_wconf 50' lang='lat' dir='ltr'>*m</span> 
     </span>
     <span class='ocr_line' id='line_1_30' title="bbox 555 2873 839 2893; baseline 0.014 -4"><span class='ocrx_word' id='word_1_237' title='bbox 555 2873 839 2893; x_wconf 48' lang='grc' dir='ltr'><strong>ψ</strong></span> 
     </span>
    </p>
   </div>
   <div class='ocr_carea' id='block_1_9' title="bbox 468 3005 922 3234">
    <p class='ocr_par' dir='ltr' id='par_1_11' title="bbox 468 3005 922 3234">
     <span class='ocr_line' id='line_1_31' title="bbox 468 3005 922 3103; baseline 0 -2"><span class='ocrx_word' id='word_1_238' title='bbox 468 3036 673 3102; x_wconf 75' lang='lat' dir='ltr'>onumen</span> <span class='ocrx_word' id='word_1_239' title='bbox 697 3005 922 3103; x_wconf 65' lang='lat' dir='ltr'>mxxxix.</span> 
     </span>
     <span class='ocr_line' id='line_1_32' title="bbox 588 3186 806 3234; baseline -0.005 0"><span class='ocrx_word' id='word_1_240' title='bbox 588 3188 636 3234; x_wconf 89' lang='lat' dir='ltr'>DE</span> <span class='ocrx_word' id='word_1_241' title='bbox 653 3186 806 3233; x_wconf 81' lang='lat' dir='ltr'><strong>GELLIO.</strong></span> 
     </span>
    </p>
   </div>
   <div class='ocr_carea' id='block_1_10' title="bbox 143 3291 1109 3507">
    <p class='ocr_par' dir='ltr' id='par_1_12' title="bbox 143 3291 1109 3507">
     <span class='ocr_line' id='line_1_33' title="bbox 143 3291 1095 3403; baseline -0.007 -14"><span class='ocrx_word' id='word_1_242' title='bbox 143 3324 318 3389; x_wconf 69' lang='lat' dir='ltr'>Grunnius</span> <span class='ocrx_word' id='word_1_243' title='bbox 333 3329 386 3387; x_wconf 86' lang='lat' dir='ltr'>est</span> <span class='ocrx_word' id='word_1_244' title='bbox 401 3321 527 3386; x_wconf 84' lang='lat' dir='ltr'>tenuis:</span> <span class='ocrx_word' id='word_1_245' title='bbox 550 3319 692 3403; x_wconf 86' lang='lat' dir='ltr'>quidnit</span> <span class='ocrx_word' id='word_1_246' title='bbox 716 3319 795 3400; x_wconf 85' lang='lat' dir='ltr'>quoi</span> <span class='ocrx_word' id='word_1_247' title='bbox 810 3322 878 3382; x_wconf 87' lang='lat' dir='ltr'>tum</span> <span class='ocrx_word' id='word_1_248' title='bbox 891 3317 981 3382; x_wconf 83' lang='lat' dir='ltr'>bona</span> <span class='ocrx_word' id='word_1_249' title='bbox 994 3291 1095 3384; x_wconf 69' lang='lat' dir='ltr'>mater</span> 
     </span>
     <span class='ocr_line' id='line_1_34' title="bbox 184 3423 1109 3507; baseline -0.004 -20"><span class='ocrx_word' id='word_1_250' title='bbox 184 3424 340 3507; x_wconf 80' lang='lat' dir='ltr'>Tamque</span> <span class='ocrx_word' id='word_1_251' title='bbox 353 3424 471 3488; x_wconf 80' lang='lat' dir='ltr'>valens</span> <span class='ocrx_word' id='word_1_252' title='bbox 484 3424 586 3500; x_wconf 85' lang='lat' dir='ltr'>vivat,</span> <span class='ocrx_word' id='word_1_253' title='bbox 600 3427 737 3506; x_wconf 84' lang='lat' dir='ltr'>tumque</span> <span class='ocrx_word' id='word_1_254' title='bbox 753 3423 894 3486; x_wconf 82' lang='lat' dir='ltr'>venusta</span> <span class='ocrx_word' id='word_1_255' title='bbox 909 3439 1013 3498; x_wconf 87' lang='lat' dir='ltr'>soror,</span> <span class='ocrx_word' id='word_1_256' title='bbox 1106 3438 1109 3443; x_wconf 87' lang='lat'>·</span> 
     </span>
    </p>
   </div>
   <div class='ocr_carea' id='block_1_11' title="bbox 137 3581 1249 3732">
    <p class='ocr_par' dir='ltr' id='par_1_13' title="bbox 137 3581 1249 3732">
     <span class='ocr_line' id='line_1_35' title="bbox 176 3581 1247 3665; baseline 0.001 -11"><span class='ocrx_word' id='word_1_257' title='bbox 176 3605 270 3654; x_wconf 72' lang='lat' dir='ltr'>Gellius</span> <span class='ocrx_word' id='word_1_258' title='bbox 285 3581 429 3653; x_wconf 35' lang='lat' dir='ltr'>eet&#39;mncer:</span> <span class='ocrx_word' id='word_1_259' title='bbox 454 3618 498 3652; x_wconf 80' lang='lat' dir='ltr'>eur</span> <span class='ocrx_word' id='word_1_260' title='bbox 515 3599 581 3654; x_wconf 73' lang='lat' dir='ltr'>uon?</span> <span class='ocrx_word' id='word_1_261' title='bbox 601 3618 645 3653; x_wconf 83' lang='lat' dir='ltr'>rur</span> <span class='ocrx_word' id='word_1_262' title='bbox 666 3604 706 3652; x_wconf 78' lang='lat' dir='ltr'>ille</span> <span class='ocrx_word' id='word_1_263' title='bbox 720 3606 821 3652; x_wconf 68' lang='lat' dir='ltr'>cenaret</span> <span class='ocrx_word' id='word_1_264' title='bbox 841 3615 889 3650; x_wconf 77' lang='lat' dir='ltr'>erre</span> <span class='ocrx_word' id='word_1_265' title='bbox 905 3602 1050 3652; x_wconf 75' lang='lat' dir='ltr'>murteum.</span> <span class='ocrx_word' id='word_1_266' title='bbox 1064 3608 1088 3653; x_wconf 79' lang='lat' dir='ltr'>et</span> <span class='ocrx_word' id='word_1_267' title='bbox 1105 3605 1190 3665; x_wconf 76' lang='lat' dir='ltr'>tenuit,</span> <span class='ocrx_word' id='word_1_268' title='bbox 1208 3606 1247 3655; x_wconf 80' lang='lat' dir='ltr'>cui</span> 
     </span>
     <span class='ocr_line' id='line_1_36' title="bbox 137 3666 1249 3732; baseline -0.001 -14"><span class='ocrx_word' id='word_1_269' title='bbox 137 3669 227 3719; x_wconf 67' lang='lat' dir='ltr'>rutum</span> <span class='ocrx_word' id='word_1_270' title='bbox 238 3669 296 3718; x_wconf 78' lang='lat' dir='ltr'>adeo</span> <span class='ocrx_word' id='word_1_271' title='bbox 305 3668 407 3731; x_wconf 62' lang='lat' dir='ltr'>leuium</span> <span class='ocrx_word' id='word_1_272' title='bbox 416 3682 502 3732; x_wconf 74' lang='lat' dir='ltr'>portur</span> <span class='ocrx_word' id='word_1_273' title='bbox 509 3672 553 3732; x_wconf 78' lang='lat' dir='ltr'>ert,</span> <span class='ocrx_word' id='word_1_274' title='bbox 562 3669 652 3718; x_wconf 79' lang='lat' dir='ltr'>et&#39;ndeo</span> <span class='ocrx_word' id='word_1_275' title='bbox 661 3667 767 3732; x_wconf 74' lang='lat' dir='ltr'>retortu,</span> <span class='ocrx_word' id='word_1_276' title='bbox 775 3673 799 3717; x_wconf 83' lang='lat' dir='ltr'>et</span> <span class='ocrx_word' id='word_1_277' title='bbox 809 3666 887 3730; x_wconf 73' lang='lat' dir='ltr'>tepida</span> <span class='ocrx_word' id='word_1_278' title='bbox 898 3681 973 3732; x_wconf 77' lang='lat' dir='ltr'>rotor,</span> <span class='ocrx_word' id='word_1_279' title='bbox 981 3671 1051 3732; x_wconf 79' lang='lat' dir='ltr'>atque</span> <span class='ocrx_word' id='word_1_280' title='bbox 1066 3670 1123 3718; x_wconf 78' lang='lat' dir='ltr'>odeo</span> <span class='ocrx_word' id='word_1_281' title='bbox 1133 3669 1249 3719; x_wconf 74' lang='lat' dir='ltr'>iuuaret.</span> 
     </span>
    </p>
   </div>
   <div class='ocr_carea' id='block_1_12' title="bbox 636 3823 742 3875">
    <p class='ocr_par' dir='ltr' id='par_1_14' title="bbox 636 3823 742 3875">
     <span class='ocr_line' id='line_1_37' title="bbox 636 3823 742 3875; baseline -0.019 0"><span class='ocrx_word' id='word_1_282' title='bbox 636 3823 742 3875; x_wconf 82' lang='lat' dir='ltr'><strong>NOTAE</strong></span> 
     </span>
    </p>
   </div>
   <div class='ocr_carea' id='block_1_13' title="bbox 136 3928 1244 4230">
    <p class='ocr_par' dir='ltr' id='par_1_15' title="bbox 136 3928 1244 4230">
     <span class='ocr_line' id='line_1_38' title="bbox 172 3928 1244 4004; baseline -0.004 -16"><span class='ocrx_word' id='word_1_283' title='bbox 172 3944 186 3988; x_wconf 87' lang='lat'>1</span> <span class='ocrx_word' id='word_1_284' title='bbox 212 3938 363 3988; x_wconf 74' lang='lat' dir='ltr'>Gelliuu&#39;eet</span> <span class='ocrx_word' id='word_1_285' title='bbox 382 3940 473 4003; x_wconf 74' lang='lat' dir='ltr'>tenuis]</span> <span class='ocrx_word' id='word_1_286' title='bbox 505 3928 591 4004; x_wconf 81' lang='lat' dir='ltr'>Hujus</span> <span class='ocrx_word' id='word_1_287' title='bbox 611 3939 673 4002; x_wconf 86' lang='lat' dir='ltr'>Epi·</span> <span class='ocrx_word' id='word_1_288' title='bbox 714 3943 742 3988; x_wconf 88' lang='lat' dir='ltr'>et</span> <span class='ocrx_word' id='word_1_289' title='bbox 752 3942 889 3988; x_wconf 83' lang='lat' dir='ltr'>attenuato</span> <span class='ocrx_word' id='word_1_290' title='bbox 907 3938 1078 4000; x_wconf 81' lang='lat' dir='ltr'>eiteorpore,</span> <span class='ocrx_word' id='word_1_291' title='bbox 1089 3934 1132 4000; x_wconf 87' lang='lat' dir='ltr'>qui</span> <span class='ocrx_word' id='word_1_292' title='bbox 1151 3949 1183 3985; x_wconf 82' lang='lat' dir='ltr'>er</span> <span class='ocrx_word' id='word_1_293' title='bbox 1199 3935 1244 3984; x_wconf 82' lang='lat' dir='ltr'>irn-</span> 
     </span>
     <span class='ocr_line' id='line_1_39' title="bbox 138 4012 1244 4080; baseline -0.002 -18"><span class='ocrx_word' id='word_1_294' title='bbox 138 4016 287 4076; x_wconf 69' lang='lat' dir='ltr'>grummutie</span> <span class='ocrx_word' id='word_1_295' title='bbox 298 4023 476 4078; x_wconf 76' lang='lat' dir='ltr'>argumentum</span> <span class='ocrx_word' id='word_1_296' title='bbox 493 4030 527 4066; x_wconf 86' lang='lat' dir='ltr'>ex</span> <span class='ocrx_word' id='word_1_297' title='bbox 546 4014 673 4080; x_wconf 75' lang='lat' dir='ltr'>superiori</span> <span class='ocrx_word' id='word_1_298' title='bbox 713 4014 815 4063; x_wconf 86' lang='lat' dir='ltr'>modico</span> <span class='ocrx_word' id='word_1_299' title='bbox 827 4015 937 4062; x_wconf 82' lang='lat' dir='ltr'>Venerin</span> <span class='ocrx_word' id='word_1_300' title='bbox 948 4027 995 4061; x_wconf 86' lang='lat' dir='ltr'>usu</span> <span class='ocrx_word' id='word_1_301' title='bbox 1006 4012 1114 4061; x_wconf 75' lang='lat' dir='ltr'>mucium</span> <span class='ocrx_word' id='word_1_302' title='bbox 1125 4024 1244 4060; x_wconf 85' lang='lat' dir='ltr'>nonoon·</span> 
     </span>
     <span class='ocr_line' id='line_1_40' title="bbox 136 4087 980 4153; baseline 0 -17"><span class='ocrx_word' id='word_1_303' title='bbox 136 4087 304 4138; x_wconf 77' lang='lat' dir='ltr'>monifertum</span> <span class='ocrx_word' id='word_1_304' title='bbox 322 4095 371 4139; x_wconf 78' lang='lat' dir='ltr'>eet.</span> <span class='ocrx_word' id='word_1_305' title='bbox 410 4091 483 4141; x_wconf 88' lang='lat' dir='ltr'>Dicit</span> <span class='ocrx_word' id='word_1_306' title='bbox 500 4091 569 4140; x_wconf 89' lang='lat' dir='ltr'>enim</span> <span class='ocrx_word' id='word_1_307' title='bbox 588 4089 672 4139; x_wconf 69' lang='lat' dir='ltr'>Poeta</span> <span class='ocrx_word' id='word_1_308' title='bbox 713 4087 980 4153; x_wconf 79' lang='lat' dir='ltr'>traherenonporeit.</span> 
     </span>
     <span class='ocr_line' id='line_1_41' title="bbox 136 4164 671 4230; baseline -0.002 -17"><span class='ocrx_word' id='word_1_309' title='bbox 136 4165 283 4214; x_wconf 78' lang='lat' dir='ltr'>mirandum</span> <span class='ocrx_word' id='word_1_310' title='bbox 294 4179 346 4215; x_wconf 88' lang='lat' dir='ltr'>nou</span> <span class='ocrx_word' id='word_1_311' title='bbox 356 4179 424 4230; x_wconf 76' lang='lat' dir='ltr'>erue,</span> <span class='ocrx_word' id='word_1_312' title='bbox 442 4167 464 4216; x_wconf 80' lang='lat' dir='ltr'>ei</span> <span class='ocrx_word' id='word_1_313' title='bbox 483 4166 585 4227; x_wconf 78' lang='lat' dir='ltr'>Gellius</span> <span class='ocrx_word' id='word_1_314' title='bbox 599 4164 671 4229; x_wconf 66' lang='lat' dir='ltr'>exili,</span> 
     </span>
    </p>
   </div>
   <div class='ocr_carea' id='block_1_14' title="bbox 0 0 1392 4702">
    <p class='ocr_par' dir='ltr' id='par_1_16' title="bbox 0 0 1392 4702">
     <span class='ocr_line' id='line_1_42' title="bbox 0 0 1392 4702; baseline 0 2"><span class='ocrx_word' id='word_1_315' title='bbox 0 0 1392 4702; x_wconf 95' lang='lat' dir='ltr'> </span> 
     </span>
    </p>
   </div>
  </div>
 </body>
</html>
