2774 4702
463 356 466 363 ·
545 332 577 378 (l.
603 331 760 381 tunultu
783 332 949 382 abnuunt

282 472 375 537 Male
389 477 449 553 est,
464 473 662 552 mehercule,
677 482 712 540 et
724 476 907 556 laboriose,

283 576 329 640 Et
343 576 450 658 magis
463 576 704 659 magisindios
719 583 754 642 et
767 578 887 645 horas:
995 606 1001 617 ·

283 676 394 755 Quem
409 681 458 755 tu,
473 677 566 761 quod
577 679 748 744 minimum
761 680 1027 766 facillimumque
1041 683 1092 747 est

283 777 363 856 Qua
375 780 502 844 solatus
517 799 555 844 es
570 781 792 846 allocutionsl

284 879 417 946 Irascor
431 883 504 947 tibi.
549 883 607 948 Sic
622 903 715 947 moos
730 887 889 949 amoresl

284 984 429 1048 Paulum
446 984 527 1068 quid
540 985 634 1049 lubet
649 984 868 1062 allocutionis,

284 1085 451 1151 Moestius‘
458 1087 615 1171 lacrymis
631 1086 846 1153 Simonideis.

197 1244 275 1306 magis
285 1243 310 1294 in
319 1245 370 1294 dies
378 1259 498 1295 succenseo
508 1245 568 1304 tibi;
592 1247 657 1296 itane
667 1245 764 1296 delicias
773 1261 835 1296 meos
845 1260 953 1309 puerum
962 1242 1090 1308 occepisti?
1116 1247 1191 1302 Quem
1208 1251 1237 1296 tu
1253 1262 1298 1310 qno

197 1309 323 1358 sublevasti
334 1307 450 1373 alloquio?
468 1311 537 1366 Quod
546 1315 624 1360 tanuen
633 1310 773 1360 hausimum
783 1316 819 1360 est
826 1315 850 1359 et
859 1310 903 1359 tibi
911 1310 1109 1374 expeditissimum
1114 1327 1124 1368 ,·
1137 1325 1223 1375 parum
1232 1313 1300 1375 quil·

194 1373 262 1435 piam
271 1373 368 1436 alloquii
378 1374 517 1437 adhibuisti,
527 1374 622 1424 tristius
631 1374 766 1438 mwsnosis
775 1375 879 1425 strabus
888 1374 1039 1425 Simonideis.

657 1501 838 1522 W

230 1585 247 1630 t
263 1581 294 1630 Iu
306 1581 375 1632 Mur.
386 1582 492 1633 Hermio
500 1597 537 1633 sne
543 1600 554 1643 ,·
565 1582 592 1633 in
603 1589 666 1635 vett
678 1583 740 1635 libb.
751 1585 861 1645 macule,
872 1589 902 1634 ut
911 1583 978 1646 conj.
988 1581 1055 1632 Stat.
1064 1586 1091 1631 ot
1100 1581 1182 1631 edidit
1188 1582 1297 1633 conrad.

198 1649 247 1694 —b
265 1647 339 1695 Lest-
350 1653 464 1697 nostram
480 1656 583 1698 servant
594 1649 653 1697 cod.
664 1663 729 1698 unus
740 1651 810 1699 Mur.
821 1649 916 1710 alliquo
928 1647 1033 1697 vetusti.
1050 1646 1118 1695 Vide
1134 1644 1201 1694 infra
1212 1646 1299 1697 Csrm.

199 1713 338 1759 arnulli.
373 1712 498 1774 Magisque
517 1716 541 1760 st
551 1713 665 1773 magistu
677 1712 778 1777 Gryph.
788 1712 856 1764 Scsl.
874 1717 897 1762 l.
908 1712 982 1760 Voss.
995 1710 1109 1773 etVulp.
1135 1710 1228 1759 Statim
1240 1715 1300 1773 post

198 1774 266 1822 hunc
287 1788 389 1824 versum
410 1784 512 1824 sextum
530 1776 617 1838 posuit
637 1775 754 1826 scal-4
773 1778 850 1832 Quam
867 1776 987 1825 tentabat
1005 1773 1113 1824 Corrad.
1135 1774 1299 1837 improbante

199 1838 332 1886 Dosa-6
348 1839 397 1887 Die
407 1853 567 1888 meosamores
583 1841 639 1889 vult
655 1840 746 1888 Heius.
763 1840 926 1903 improbante
939 1840 1021 1890 Doer.
1046 1838 1114 1888 stat.
1125 1839 1299 1900 interpuugit‚

198 1900 242 1950 Sic
252 1915 411 1950 meosamoses
421 1903 539 1952 Paulum:
557 1903 624 1965 qnid,
642 1905 730 1966 ξομ-7
746 1905 851 1953 Paulum
869 1903 936 1968 quid,
954 1904 1005 1966 rel,
1020 1904 1090 1966 quod,
1107 1901 1133 1950 in
1145 1900 1299 1966 quibusdam

200 1970 266 2014 vett.
293 1965 397 2015 Paulum
407 1967 519 2029 quidlibet
531 1967 557 2014 in
569 1966 670 2030 Gryph.
681 1968 870 2031 Mar-etaliis3
893 1968 995 2017 Paulum
1012 1968 1072 2029 quad
1083 1965 1153 2026 juset
1163 1966 1239 2016 Voss.
1253 1979 1299 2029 ap-

199 2027 329 2091 probante
351 2029 444 2078 Heius.
462 2030 589 2079 ‘Versum
609 2031 729 2081 desidero
746 2033 790 2096 qni
809 2038 870 2096 post
887 2031 956 2082 buno
974 2035 1143 2095 sequeretur3
1159 2029 1210 2078 nisi
1225 2028 1301 2079 sisui

200 2092 306 2142 videtur
316 2093 428 2144 Mustius
435 2092 460 2142 iu
470 2095 579 2144 Misisses
588 2096 757 2146 mutandum!
772 2095 839 2147 Stat.

695 2230 806 2284 NOTAE

232 2327 376 2377 eMoestius
387 2329 497 2391 lacrymis
516 2328 669 2391 Simonideis]
687 2329 728 2378 si·
766 2333 920 2392 prosecutus
932 2331 989 2388 est3
1006 2324 1038 2375 sd
1058 2339 1120 2389 qnos
1138 2324 1230 2374 alludit
1241 2325 1297 2375 Ho-

199 2404 316 2452 monides
344 2419 377 2452 ex
405 2404 459 2452 Cea
484 2403 567 2453 insula
594 2403 728 2467 oriundus,
768 2408 816 2451 rat·
825 2415 856 2451 rr.
867 2400 918 2451 0d.
930 2405 955 2450 1.
970 2400 1049 2450 ‘ceae
1058 2405 1185 2449 retractes
1194 2414 1301 2450 munem

200 2472 309 2542 Lyrietrs
327 2478 412 2528 Potite
422 2478 538 2542 insignis,
557 2493 587 2529 sc
597 2479 726 2528 Bacchlli-
766 2476 879 2527 noeniae.'
911 2479 1083 2541 Testatnrque
1094 2475 1190 2525 Fabius
1202 2491 1260 2525 eum
1274 2477 1300 2526 in

199 2555 240 2603 dae
250 2554 337 2618 Lyrioi
349 2559 456 2616 patruus
469 2554 662 2604 condendorum
674 2568 729 2604 car·
768 2553 880 2603 tristium
900 2566 986 2603 rernm
1009 2549 1165 2601 tractatione
1187 2552 1302 2601 excella-

198 2629 294 2678 minnm
305 2635 396 2679 suetos
407 2630 536 2692 egregius,
546 2628 668 2679 funebres
677 2629 729 2678 lau·
768 2627 828 2679 isse.

198 2702 316 2754 dationes
351 2693 490 2766 singulari
506 2704 730 2754 commiseratione

538 3066 744 3132 canuam
767 3045 962 3131 xxxix.

607 3233 646 3279 IN
676 3230 888 3280 EGNA'I'IUM·

286 3354 495 3429 libaturus,
510 3349 601 3434 quod
616 3347 779 3414 candidos
792 3349 895 3413 habet
910 3347 1034 3424 dentes,

286 3454 431 3519 Renidet
442 3470 701 3536 usquequaque:
724 3469 784 3514 seu
798 3448 842 3512 ad
856 3450 903 3513 rei
918 3454 1051 3519 ventum
1067 3453 1119 3512 est

231 3601 350 3662 Egnatius
360 3601 449 3649 arridet
460 3601 486 3649 in
497 3601 559 3649 omni
570 3602 617 3649 loeo
633 3605 657 3649 st
672 3604 785 3662 tempore,
796 3597 852 3660 quia
867 3596 935 3646 habet
945 3597 1034 3647 nitidos
1044 3597 1141 3646 demes:
1166 3595 1217 3646 sias
1225 3610 1303 3645 ames·
1331 3582 1333 3586 Α

660 3709 838 3730 mm

207 3804 209 3809 ’
232 3796 246 3841 l
264 3791 297 3841 In
307 3791 436 3840 nonnullis
447 3789 508 3840 edd.
520 3796 584 3840 vett.
595 3805 646 3854 quae
656 3791 825 3840 somnos-t
842 3790 895 3839 Pro
911 3802 952 3838 seu
963 3787 997 3837 sd
1005 3786 1140 3836 vitandam
1148 3784 1304 3851 diphthongi

697 3915 803 3967 Nom

232 4020 246 4065 1
267 4015 397 4078 Egnatius]
412 4014 544 4077 Ineptiam
552 4013 657 4076 Egnstll
668 4012 729 4061 His·
769 4009 934 4074 spurcissime
943 4007 1063 4072 parabat,
1071 4011 1227 4070 ostentaret,
1237 4021 1305 4059 sern-

200 4090 261 4153 paul
272 4090 397 4153 exagitat,
414 4090 458 4156 qui
477 4096 506 4139 ut
517 4087 657 4138 candorem
668 4086 729 4136 den·
768 4099 816 4150 per
825 4085 983 4134 nullaatiam
992 4082 1129 4134 occasione
1141 4081 1253 4133 ridebat.

200 4162 522 4228 tium,qnemsibiorobris
532 4155 729 4213 ariuaelsvdoris
801 4169 818 4214 2
834 4164 970 4216 Smadssi
984 4167 1080 4216 vestm
1096 4165 1133 4214 os
1149 4159 1308 4227 Ssboelliffl
