2774 4702
477 294 586 343 Nom
610 294 809 345 vautottust
835 296 874 343 tu

484 572 688 639 CARMEN
716 572 879 639 LXXII.

148 791 153 803 ·
215 765 232 814 d
247 765 327 816 Malta
337 766 374 816 itu
382 780 418 816 asc
428 765 482 828 sec]
499 767 580 830 Lege,
591 766 669 815 Multo
681 765 714 816 mi
724 770 803 815 tunica
813 778 838 814 es
848 763 926 827 uilior,
937 767 961 812 et
972 760 1052 812 leuior.
1068 761 1138 810 Scai.

478 964 683 1059 cuuuuu
706 990 890 1058 uxxnr.

170 1191 420 1242 dimetientem
432 1191 551 1257 uisuque]
574 1191 668 1242 Melio-
708 1205 736 1240 se
754 1189 842 1240 femnt
854 1188 944 1252 primas
956 1186 1093 1237 editiones.
1126 1182 1183 1234 Stat
1196 1189 1238 1237 est

139 1282 194 1318 ram
205 1268 334 1317 deteriore
345 1269 457 1319 lectione
466 1275 601 1319 mutarunt
610 1283 668 1319 ror·
708 1265 838 1317 rumara.
864 1266 973 1315 ‘Manet
983 1264 1038 1314 alta
1047 1267 1134 1312 mente
1146 1275 1238 1324 repos-

139 1351 265 1394 rectorer.
298 1345 383 1396 Quare
405 1345 475 1394 enim
496 1345 558 1393 mihi
578 1343 668 1407 displi-
708 1342 782 1393 tum!
799 1342 862 1391 Saul.

139 1426 199 1469 cest
217 1420 281 1468 iilud
296 1420 531 1476 emendatissimum
542 1420 570 1468 iu
580 1433 669 1468 mauu·
740 1424 755 1466 5
775 1418 808 1466 ut
826 1417 894 1480 midi,
904 1431 971 1480 quera
988 1429 1055 1464 nemo
1071 1411 1183 1476 maius]
1204 1411 1240 1461 Vc

139 1494 255 1558 scripto?
272 1495 323 1545 loro
340 1497 412 1546 stiam
428 1499 501 1545 tedet
516 1501 610 1558 statque
620 1509 669 1543 ma-
709 1493 778 1544 ariisi.
789 1493 832 1542 lta
843 1506 947 1555 repone.
964 1491 1041 1540 Idem.

138 1571 222 1634 eisquc
240 1572 325 1634 mugio.
357 1572 441 1623 Quam
460 1571 598 1623 lectionem
616 1584 670 1634 pras
1078 1581 1081 1586 ’

492 1801 697 1869 oauuuu
720 1798 898 1890 uxxru

175 2002 190 2046 a
214 1998 292 2047 Puer
305 1999 331 2046 a
348 1999 494 2061 peropus]
520 2001 603 2049 Primi
620 2015 675 2050 om.
745 1998 896 2064 aarum]
911 1992 1069 2059 ‘Deusara'
1087 1990 1196 2056 arou,
1207 2007 1245 2042 ω·

143 2072 214 2121 nium
240 2074 303 2121 olim
335 2073 513 2123 adolescentes
540 2074 674 2123 docuimus
712 2089 767 2139 quo,
776 2075 845 2122 nwlo.
862 2073 928 2121 Cato
936 2070 970 2119 de
983 2070 1015 2119 R.
1026 2069 1059 2119 R.
1076 2084 1099 2119 c.
1114 2073 1155 2119 76.
1171 2071 1246 2118 ‘De-

141 2147 276 2210 perdepssit
303 2145 439 2208 legendum
464 2160 532 2208 asse,
550 2147 619 2211 quod
647 2153 675 2197 et
713 2144 1113 2208 iudemauibusbenedapsito!
1136 2145 1246 2196 Homer.

144 2222 252 2271 eximius
271 2221 312 2270 vir
332 2221 463 2271 Adrianus
484 2222 621 2272 Turnebus
648 2223 675 2272 iu
715 2222 812 2285 Odyss.
833 2227 866 2271 id.
894 2219 971 2285 Κηρδν
996 2218 1099 2282 δεψήσας
1123 2219 1247 2281 μελιηδέα.

145 2298 197 2347 suis
220 2297 384 2346 Adversariis
409 2302 535 2346 testatum
560 2297 675 2362 reliquit.
714 2297 867 2363 ‘Depsere'
883 2305 970 2347 autera
983 2294 1248 2347 et‘moiare’inob·

145 2375 230 2426 Quam
260 2381 345 2425 tamen
377 2373 582 2424 emendationem
612 2374 676 2423 mihi
716 2390 830 2427 scoeuum
842 2372 1014 2439 significatum
1026 2373 1191 2436 accipiuntur
1209 2374 1248 2422 in·

145 2450 289 2514 praeripere
300 2449 404 2514 quidam
415 2450 503 2499 conati
513 2457 583 2500 aaut.
616 2450 676 2499 Non
717 2453 835 2503 tardum:
852 2450 920 2516 quod
938 2451 1015 2500 etiam
1028 2449 1085 2499 Cic.
1097 2450 1130 2498 ad
1143 2450 1248 2498 Poetum

146 2525 214 2591 quod
236 2541 284 2588 ego
303 2525 370 2576 tanti
389 2540 448 2574 mea
469 2524 573 2589 faciam,
593 2539 677 2591 nequa
717 2527 839 2578 ostendit.
865 2527 949 2575 Varro
962 2524 1107 2589 Mysteriis,
1125 2523 1249 2573 ‘sedtibi

147 2601 214 2664 quod
224 2601 273 2648 hac
284 2601 502 2651 existimationem
512 2616 595 2651 msam
606 2608 677 2651 stare
717 2603 828 2653 fortasse
839 2602 904 2652 alius
918 2601 993 2649 molit
1003 2614 1033 2649 ac
1045 2598 1148 2663 depuis:
1168 2597 1250 2647 Idem

148 2682 196 2724 aut
212 2674 306 2725 cadere
325 2690 454 2739 censeam,
475 2676 521 2726 sed
541 2677 601 2741 quia
618 2691 677 2741 per·
718 2678 875 2742 Margopoli,
885 2674 938 2740 περὶ
947 2675 1049 2740 ἀρχῆς,ι
1062 2669 1202 2738 Depsistia,
1214 2673 1252 2722 di·

147 2750 239 2801 frictas
259 2750 359 2801 froutes
385 2751 455 2802 ferre
485 2768 537 2803 non
564 2768 678 2817 possum.
718 2751 896 2803 citeLabdai'

147 2825 210 2877 Sos!-
751 2827 906 2894 Perdepsuit]
923 2825 1050 2876 Perdeudt
1060 2828 1135 2889 puto.
1152 2823 1234 2874 Liuio.

508 3034 714 3102 CARMEN
736 3037 894 3104 LXXV.

183 3232 681 3299 2Lesbiuumotomeuea]1taiegendum
719 3240 829 3298 constat,
854 3235 960 3298 ejusque
984 3229 1086 3280 initium
1105 3235 1154 3291 est,
1177 3229 1254 3284 Nouo

151 3310 264 3358 secunda
277 3325 395 3375 persona,
406 3313 456 3361 uon
472 3317 518 3373 est,
529 3317 608 3362 docet
619 3314 683 3362 alte·
717 3314 794 3373 potest
811 3310 896 3358 murier
905 3324 931 3357 ae
946 3313 1038 3357 tunium
1048 3308 1126 3355 dicere
1139 3311 1254 3354 amotum.

151 3399 208 3433 rum
227 3392 426 3449 pentametrum,
445 3388 513 3452 quod
537 3389 563 3437 iu
591 3388 683 3438 eadem
718 3384 804 3448 Igitur
812 3382 1121 3449 itaetcouglutiuandum
1131 3388 1256 3431 etemeu·

152 3474 262 3523 persona
270 3461 424 3525 conceptum
432 3469 473 3512 eat
480 3463 507 3512 in
515 3464 600 3512 veteri
609 3463 685 3528 libro,
720 3459 850 3509 dandum:
864 3460 938 3510 Nutu
945 3464 1022 3525 potat
1033 3458 1220 3507 muliertantum
1231 3472 1257 3506 ss

152 3535 179 3583 in
190 3550 239 3600 quo
250 3551 329 3586 umore
340 3539 458 3602 tuo‚'uou
475 3554 526 3600 suo,
537 3548 566 3589 ut
576 3540 684 3590 barbare
721 3538 800 3588 dicere
821 3542 924 3588 amotum
949 3538 1019 3600 Vere,
1036 3540 1149 3601 masma
1169 3551 1186 3582 ἰ
1209 3548 1256 3596 ’²²²2

152 3611 615 3678 invulgatiseditur,legendumest.
632 3617 685 3665 Pu·
723 3613 1013 3677 Lesbimumutanrcuss.
1046 3611 1121 3660 Nulla
1132 3609 1257 3681 fldaullo

154 3695 183 3739 to
194 3689 325 3739 nemiuem
341 3690 415 3754 hujus
435 3690 521 3754 podtae
540 3693 686 3742 studiosum
716 3690 770 3752 fuit
789 3705 890 3754 uuquam
903 3690 995 3751 foeders
1009 3691 1088 3750 tutta,
1110 3685 1209 3741 Quum
1230 3685 1258 3733 ⁵²¹

83 3767 90 3790 ·
155 3780 222 3827 csse,
234 3765 277 3831 qui
288 3767 364 3831 hujus
380 3768 477 3817 aureoli
495 3769 686 3832 epigrammatii
724 3781 803 3816 umore
824 3771 863 3816 tuo
880 3781 911 3816 eu
927 3770 999 3830 purte
1017 3768 1113 3828 repertu
1131 3776 1183 3812 meu
1211 3765 1256 3811 eat.

153 3841 236 3891 vicem
248 3843 308 3891 mihi
321 3842 417 3905 gratias
427 3858 478 3892 uon
490 3848 558 3906 agat.
575 3843 637 3893 Scul.
723 3846 795 3895 Narro
804 3849 838 3894 est
848 3859 912 3894 mens
921 3845 1023 3893 adducta
1034 3846 1084 3904 tuo,
1092 3854 1143 3889 meu
1161 3838 1259 3901 Lesbia,

178 3917 261 3966 5Hss
268 3923 302 3966 est
310 3933 374 3968 meas
381 3918 493 3981 deductu]
502 3919 580 3968 Lrber
588 3925 686 3982 noster
723 3924 801 3986 culpo,
811 3922 890 3986 Atque
906 3922 942 3970 itu
958 3935 983 3971 se
998 3919 1073 3986 officio
1089 3917 1215 3982 perdidit
1204 3931 1259 3980 apso

156 3993 228 4042 Nunc
249 3997 283 4042 eat
304 4009 370 4043 mm
387 3997 498 4045 adducto.
520 4001 547 4044 et
564 4008 625 4042 sane
644 4001 685 4044 est
721 3999 773 4062 pio,
787 3998 1067 4060 Uriumaeobcacoelie
1078 3994 1226 4079 queuntids',
1236 3997 1259 4043 si

155 4067 348 4129 ὰποσπασμάτιον
364 4069 461 4134 integri
479 4068 609 4133 podmatii
635 4069 685 4118 Cu·
723 4079 818 4138 optumo
821 4074 881 4140 flos,
892 4074 944 4123 Nec
955 4073 1066 4124 decutere
1076 4085 1167 4135 umore,
1177 4085 1259 4119 omaro

155 4143 197 4206 jus
219 4145 329 4195 alterum
352 4145 506 4209 membrum,
529 4145 685 4199 tetrasticho
722 4149 838 4200 sifuoias.
854 4149 936 4201 Idem.
