2774 4702
555 321 712 372 oanuun
737 322 845 372 axi-v.
1181 307 1246 375 191

142 467 198 517 reri
211 465 372 532 epithalamii
381 467 459 532 ratio,
469 467 534 517 rans
543 472 615 517 certe
625 467 749 533 colligare
758 482 902 532 possumus.
936 469 1034 522 Quodsi
1044 470 1113 520 enim
1127 469 1247 521 cmailna

142 548 188 599 aai
198 549 293 614 barum
309 548 458 611 nuptiarum
477 553 628 612 argumenta
648 562 756 612 operam
775 547 838 598 dara
856 549 987 612 voluisset,
1003 551 1042 600 illi
1058 551 1178 615 profecto
1194 564 1248 602 nou

140 627 248 692 longlar
263 626 410 678 fabularum
422 634 573 678 ornamenta
592 628 708 692 petenda
722 626 842 692 fuissent,
851 628 899 678 sed
910 630 994 679 eidem
1008 631 1035 679 in
1052 631 1101 681 boc
1111 631 1170 696 ipro
1180 645 1247 697 ¹per·

141 707 286 759 ttaetando
296 715 451 772 argumento
461 723 577 772 campus,
587 709 632 759 ubi
644 710 774 760 exultaret
785 709 842 773 ejus
851 709 992 774 ingenium,
1007 711 1135 774 patuisset
1144 713 1248 776 amplis·

141 789 226 839 arnas
233 789 318 854 (ride,
328 789 400 839 vorbi
411 803 498 851 cansa,
508 790 655 853 complures
666 789 700 839 ad
710 790 754 840 bas
769 791 874 854 nuptias
885 797 1035 854 spectantes
1045 790 1147 841 fabulas
1158 793 1184 842 iu
1195 791 1248 842 iar·

143 869 238 932 ragina
247 868 294 918 illa
304 869 373 933 apud
379 871 499 918 Taetrum
509 869 542 919 ad
552 870 670 934 Lycoph.
681 885 719 920 vs.
732 875 788 923 178.
798 869 833 921 ci.
844 872 937 936 Heyue
946 871 980 921 ad
987 871 1138 936 Apollodor.
1148 887 1174 936 p.
1180 877 1243 924 iit.

143 945 241 1014 σιω·
258 948 311 998 Sed
332 949 355 998 si
371 951 515 1014 cogitamus
534 951 597 1000 nihil
618 950 688 1001 aliud
705 960 838 1017 spectasse
857 953 883 1003 in
901 953 951 1002 hoc
973 953 1087 1002 carmine
1107 954 1246 1017 pangendo

143 1029 287 1097 Catullum,
306 1028 356 1090 nisi
378 1036 417 1092 ut,
438 1031 564 1080 invitatus
583 1032 748 1083 celebrandis
766 1033 841 1082 Pelei
864 1040 892 1083 et
909 1032 1033 1083 'lbetidos
1055 1034 1162 1097 nuptiis,
1181 1033 1248 1084 alias

143 1109 305 1174 cinctoria
315 1115 379 1159 etas
390 1109 544 1160 Gracurum
554 1112 660 1162 heroica
670 1118 699 1162 et
709 1112 823 1175 mythica
833 1112 1023 1176 suppeditaret,
1032 1112 1136 1163 fabulas
1146 1113 1246 1164 laxiora

141 1188 261 1238 fictioms
271 1188 406 1252 cujusdam
418 1190 521 1240 vinculo
532 1205 663 1241 connexas
678 1198 707 1241 et
721 1194 856 1255 copulatas
873 1193 991 1242 versibus
1002 1201 1156 1258 exponeret,
1168 1199 1196 1244 et
1207 1193 1247 1245 sic

142 1269 267 1331 kmurea,
283 1284 332 1332 per
341 1270 514 1320 amenissima
524 1272 658 1321 Musarum
672 1271 828 1321 diverticula
838 1272 940 1334 ductos,
952 1279 980 1322 et
990 1273 1108 1336 aliorum,
1119 1287 1178 1339 qnae
1190 1287 1247 1337 pras

104 1372 113 1385 ·
142 1349 242 1399 ceteris
252 1349 291 1399 illi
304 1349 459 1412 arriderent,
473 1350 620 1415 mythornm
638 1349 800 1414 expositione
810 1350 942 1408 delinitos,
953 1352 1089 1402 varietatis
1099 1368 1176 1403 sensu
1188 1368 1247 1404 ena·

140 1428 214 1478 aiter
224 1428 400 1490 demulceret3
416 1427 494 1478 facile
510 1433 631 1492 apparet,
642 1434 670 1477 et
680 1429 737 1491 ipso
749 1427 835 1491 poiitra
851 1428 958 1478 consilio
968 1430 1054 1494 iprum
1069 1444 1173 1481 carmen
1185 1447 1248 1497 qno·

142 1522 194 1572 que
215 1507 410 1572 dijudicandum
430 1522 496 1559 esse.
530 1508 608 1560 Quod
628 1508 733 1573 quidem
752 1508 773 1558 si
791 1515 863 1559 recte
881 1523 1038 1573 perpensum
1058 1519 1129 1562 esset
1145 1527 1162 1561 a
1178 1513 1247 1564 Viris

142 1587 247 1650 noetis,
262 1588 344 1651 magis
354 1587 442 1638 forsan
452 1604 469 1638 a
480 1590 581 1654 virgula
592 1590 636 1638 illa
648 1589 773 1652 censorin,
790 1603 841 1652 qna
855 1588 1026 1653 digressiones
1036 1591 1113 1654 hujus
1125 1592 1266 1642 carminis:

140 1668 185 1716 rel
198 1673 228 1716 nt
237 1668 341 1717 nimium
354 1669 468 1732 prolixas
484 1676 512 1720 et
522 1670 651 1733 copiosas,
664 1671 705 1720 vel
721 1676 752 1720 ut
762 1684 854 1734 parum
866 1670 936 1719 inter
947 1684 975 1719 se
986 1676 1061 1733 aptus
1071 1678 1100 1721 ct
1111 1672 1247 1734 copulatas

141 1753 279 1810 notamnt,
289 1747 338 1797 ribi
349 1753 548 1812 temperameut.
579 1750 623 1800 Sic
631 1750 761 1801 Dnrcbina
770 1751 797 1800 in
809 1751 875 1800 libro
886 1751 1025 1800 vernaculo
1036 1749 1126 1801 Briei'e
1136 1765 1182 1800 aur
1192 1751 1248 1800 Bil-

143 1828 218 1891 dnng
226 1827 273 1877 dea
283 1827 471 1890 Gascbmacks,
481 1828 552 1895 (Vol.
564 1843 608 1881 ιιι.
624 1845 652 1895 p.
663 1831 735 1895 aar.)
752 1837 833 1881 totum
845 1845 948 1881 carmen
965 1831 1032 1880 mala
1043 1831 1111 1880 inter
1122 1844 1151 1881 se
1161 1831 1247 1881 cobar·

142 1920 205 1957 rere
215 1912 245 1956 ct
254 1904 456 1970 digressionibus
467 1908 544 1973 longe
565 1910 654 1974 petitia
673 1911 800 1973 laborare,
816 1910 905 1961 multis
923 1911 1019 1960 docere
1035 1909 1154 1960 studuit:
1172 1911 1247 1975 cnjus

142 1988 258 2053 autigia
267 1989 362 2039 deinde
378 1990 444 2055 legit
465 1991 598 2054 Degcnins
609 1991 635 2039 in
653 1991 800 2040 versionum
810 1991 907 2050 libello,
922 1991 1074 2041 ‘Deutacbc
1089 1991 1257 2057 Antbologie,

142 2070 192 2121 der
209 2069 354 2121 romiacben
370 2071 505 2135 Elegiker’
522 2087 549 2136 p.
560 2075 617 2121 378.
652 2072 711 2122 Neo
721 2073 824 2122 mollius
842 2073 899 2136 ipre
915 2073 1026 2134 Magnus
1037 2073 1133 2137 Hoyne
1144 2073 1178 2123 da
1189 2089 1248 2125 car·

141 2151 214 2200 minc
224 2157 314 2200 nostro
325 2151 404 2201 sentit
416 2151 449 2200 ad
459 2151 553 2216 virgil.
562 2152 635 2201 Tum.
648 2165 687 2201 ιν.
699 2167 725 2216 p.
737 2153 949 2216 i.-Quauquam
960 2157 1047 2201 antem
1058 2152 1118 2202 huic
1130 2153 1247 2218 carmini,

143 2231 165 2280 si
182 2245 200 2280 a
214 2227 323 2281 fatidico
341 2230 386 2281 illo
396 2231 542 2281 Parcarum
552 2237 630 2281 cantu
642 2230 690 2281 sub
701 2231 756 2295 ejas
768 2229 845 2280 finem
856 2231 1015 2294 discesseris,
1026 2231 1089 2280 nihil
1106 2231 1164 2282 sere
1174 2233 1247 2298 insit,

141 2308 214 2376 quod
225 2310 361 2361 commode
378 2310 411 2359 ad
423 2310 599 2374 Epithalamii,
616 2309 723 2374 proprie
741 2311 779 2360 ric
797 2309 872 2373 dicti,
889 2323 969 2373 genus
984 2308 1122 2374 referatur,
1133 2318 1162 2362 et
1172 2318 1246 2365 recte

137 2390 248 2441 omuino
261 2393 273 2438 .‘
282 2405 391 2456 parvum
402 2389 488 2455 Epoa'
499 2405 558 2442 cum
574 2390 690 2442 Doctisa.
706 2389 809 2441 Gnrlitt
824 2388 952 2441 nominari
963 2397 1051 2454 queat,
1063 2390 1132 2442 idem
1149 2400 1247 2459 tamen,

142 2483 204 2520 mm
215 2470 350 2534 precipue
361 2471 388 2519 in
395 2471 517 2520 honorem
528 2469 676 2534 nuptiarum
687 2468 761 2519 Pelei
772 2476 800 2519 et
809 2469 933 2519 'lbetidoa
944 2471 1114 2534 compositum
1124 2472 1169 2535 ait,
1176 2473 1245 2524 nand

142 2550 244 2614 inepte,
253 2550 342 2600 latiori
351 2565 434 2615 aenan,
449 2550 639 2614 ‘epithalamii'
648 2550 751 2599 nomine
761 2549 878 2613 insigniri
890 2561 964 2612 posse
975 2549 1088 2601 ridetur.
1105 2550 1146 2602 cf.
1161 2550 1246 2615 Argu·

140 2637 259 2680 tuentum
274 2631 309 2680 ad
322 2632 409 2682 carm.
428 2630 455 2681 in
473 2632 557 2694 ant.
575 2631 629 2682 Jul.
643 2636 672 2679 et
691 2628 896 2697 Mani-‚Missis
906 2629 984 2692 igitur
996 2630 1124 2692 omnibus,
1142 2645 1199 2695 qua
1211 2630 1246 2682 ud

140 2709 256 2773 pretium
265 2709 341 2774 liujus
353 2710 473 2760 carminis
483 2711 635 2760 elevandum
648 2710 674 2759 in
685 2709 797 2759 medinm
808 2709 910 2772 prolata
921 2713 991 2776 snut,
1000 2707 1116 2759 fruamur
1126 2710 1247 2760 nitidissi-

141 2789 191 2838 aria
201 2786 326 2852 mulis,
338 2804 403 2855 quos
414 2790 529 2854 nudique
545 2796 574 2839 et
589 2803 624 2839 ex
642 2789 741 2838 discitis
760 2786 833 2851 qnasi
844 2786 992 2851 regionibns
1005 2787 1090 2851 poiitas
1103 2789 1246 2855 decerpere

141 2869 239 2932 volupe
249 2866 309 2933 fuit,
320 2882 369 2919 uec
377 2869 506 2919 varietate
517 2868 632 2919 colorum
644 2873 672 2918 et
679 2867 786 2918 odorum
797 2865 865 2916 bene
874 2867 945 2916 inter
956 2880 984 2916 aa
993 2867 1182 2932 permixtorum
1192 2883 1245 2922 ma·
1337 2883 1341 2888 ·

135 2948 224 3012 jorenr
235 2946 311 2998 nobie
322 2949 458 2999 conciliari
469 2950 624 2999 pravitatem
636 2949 842 3012 indignemur.-

174 3029 273 3078 Reatat
283 3028 333 3077 alia
344 3029 501 3093 qnaestio,iu
519 3043 570 3093 qua
586 3028 771 3078 constituenda
787 3028 895 3077 multum
914 3027 1075 3092 laborarunt,
1094 3031 1141 3080 aed
1152 3047 1244 3096 parm

140 3106 314 3172 perfecerunt
331 3110 498 3173 interpreter.
530 3109 597 3158 Cum
612 3109 681 3158 enim
698 3108 838 3171 Catullum,
855 3108 1076 3172 diligentissimum
1093 3110 1244 3164 Graecorum

138 3187 279 3252 poe'tarum
289 3189 456 3252 imitatorem,
467 3188 511 3238 bic
520 3203 621 3254 qnoque
641 3189 728 3238 fontes
745 3202 834 3238 eorum
854 3188 888 3236 in¹
899 3187 999 3238 areolas
1014 3204 1072 3238 anus
1084 3190 1216 3242 derivasse
1227 3207 1244 3242 e

140 3273 201 3317 toto
210 3265 338 3331 poe'matis
349 3269 436 3318 colore
448 3266 563 3317 dilucide
579 3274 715 3332 appareat,
726 3266 779 3316 ²diu
790 3266 949 3331 multumque
960 3268 1096 3330 quaesitum
1112 3276 1163 3333 ert,
1179 3285 1244 3336 quos

139 3346 306 3412 pntitaimnm
325 3347 470 3398 imitatione
489 3347 539 3398 sibi
561 3347 742 3411 exprimendos
762 3345 892 3395 sumserit.
930 3346 990 3395 Fuit
1005 3346 1117 3397 Hesiodi
1133 3348 1244 3400 διιθιλό·

136 3443 195 3488 μιν
212 3424 247 3476 eis
264 3424 348 3486 linitio
366 3425 407 3476 nai
423 3424 493 3477 Θέτιν
508 3443 524 3476 a
542 3427 675 3490 scaligero
691 3427 749 3490 jam
766 3424 918 3486 laudatum
933 3424 968 3475 cf.
991 3425 1086 3490 iieyna
1107 3427 1141 3477 ad
1161 3427 1244 3494 Apol·

138 3507 225 3559 ledor.
245 3521 272 3571 p.
286 3507 431 3560 'ion-fuit
454 3507 524 3558 aiud
544 3506 722 3571 Agamestoris
743 3505 880 3568 Pharsalii,
901 3516 916 3554 a
936 3519 987 3570 qno
1004 3507 1124 3558 nonnulla
1142 3507 1244 3575 profert

138 3587 251 3639 Taemes
261 3588 294 3638 ad
304 3588 423 3654 Lycoph.
435 3591 492 3639 1⁷8.
525 3587 577 3639 Sed
589 3593 707 3637 nentrum
723 3587 847 3636 aNostro
866 3585 977 3649 exprimi
987 3585 1084 3651 potuit,
1102 3602 1160 3639 cnm
1177 3590 1242 3656 lpas,

138 3673 172 3719 nt
182 3680 263 3733 capra
279 3668 405 3719 monitum
425 3675 476 3732 est,
493 3667 606 3718 noluerit
626 3666 779 3718 concinnare
799 3664 1009 3731 epithalamium
1026 3666 1077 3731 vel,
1090 3668 1113 3718 si
1123 3670 1242 3735 quedam

136 3743 242 3807 iudebr
256 3760 330 3798 nsum
341 3762 416 3799 snum
427 3747 599 3812 converterit,
607 3748 687 3812 (qnod
699 3761 733 3796 ex
743 3746 866 3796 instituta
876 3748 1069 3811 comparatione
1086 3763 1123 3798 ra.
1133 3754 1241 3801 25-27.

138 3840 202 3878 curu
211 3824 359 3891 fragmento
368 3827 501 3878 Hesiodeo
511 3826 647 3890 probabile
657 3825 709 3891 fia)
724 3826 751 3876 in
763 3825 853 3889 paucis
862 3833 935 3876 certe
943 3827 992 3876 hoc
1002 3827 1113 3890 iactum,
1121 3834 1150 3877 et
1160 3829 1242 3892 pluri·

137 3895 225 3958 main
244 3906 291 3958 illa
308 3907 439 3958 Ariadnes
457 3906 546 3957 fabula
555 3906 588 3957 ab
603 3906 660 3956 aliia
678 3907 765 3970 potina
782 3912 915 3957 mutuatus
925 3906 1153 3958 videtote-Extat
1170 3907 1239 3970 apud

138 3987 297 4038 Ciceronem
315 3987 343 4036 in
365 3988 484 4051 epistolis
503 3987 537 4038 ad
553 3976 753 4037 Atticnm'vrrr.
771 3993 795 4038 b.
815 3985 991 4051 fragmentum
1007 3985 1104 4036 veteris
1120 3984 1240 4047 poitu-

136 4067 205 4131 Μαι
214 4066 300 4116 Πολλὰ
316 4066 394 4128 adona
404 4064 525 4132 κεράεσσιν
535 4064 560 4117 ic
574 4063 630 4130 ἠέρα
646 4063 787 4131 conduma,
805 4067 874 4132 qnod
892 4080 951 4117 cum
963 4065 1064 4128 egregie
1081 4065 1240 4127 respondeat

137 4146 229 4199 varani
240 4147 278 4198 iili
292 4146 327 4199 do
336 4147 488 4199 Minotauro
504 4161 541 4198 vs.
555 4151 620 4210 ill,
631 4146 691 4198 sads
708 4148 838 4212 probabili
849 4147 1001 4211 conjectura
1011 4142 1135 4210 inopinari
1146 4148 1240 4215 posen,
