2774 4702
143 301 209 367 1⁷0
488 319 519 366 c.
542 306 701 372 vesunu
725 317 891 368 neruum

144 461 202 526 Sic
217 463 315 537 certe,
329 457 442 524 viden'
456 465 493 525 ut
506 458 681 544 perniciter
695 460 891 525 exsiluere?

145 561 226 626 Non
239 568 363 626 temere
378 562 564 627 exsiluere:
586 566 706 626 canent
720 562 814 645 quod
829 562 935 627 visere
949 580 1011 645 par
1024 567 1088 626 est.

145 663 316 747 Hymeno
331 663 531 748 Hymenaee,
548 662 684 746 Hymen
698 663 779 728 ades
796 682 817 728 o
832 662 1031 747 Hymenaee.
1200 662 1244 731 10

600 847 783 896 JUVENES.

189 946 270 1013 Non
283 946 394 1012 facilis
407 948 516 1025 nobis,
530 947 694 1031 aequales,
709 947 822 1030 palma
835 951 954 1030 parata
969 953 1045 1011 est:
1112 1040 1114 1044 ι

145 1046 311 1131 Aspicite,
325 1050 475 1132 innuptae
493 1067 608 1113 secum
623 1056 663 1112 ut
676 1048 836 1112 meditata
851 1048 1029 1132 requirunt.

125 1244 128 1249 ν
147 1147 230 1215 Νοιι
243 1147 366 1213 frustra
379 1148 600 1214 meditantur:
622 1149 743 1213 babent
756 1149 971 1212 memorabile
987 1147 1079 1231 quod
1096 1146 1151 1210 sit.

147 1286 230 1364 leviter
238 1313 453 1366 resurrexerunt?
486 1317 542 1367 Non
552 1317 672 1382 equidem
683 1317 735 1368 sine
749 1331 820 1366 ceusu
834 1331 849 1366 e
860 1316 963 1366 sedibus
973 1316 1112 1366 reniteant
1124 1315 1246 1380 juvenes.

146 1379 202 1494 ¹3⁸³
212 1395 273 1430 mox
283 1381 421 1444 mutabunt,
431 1395 488 1445 quos
498 1384 563 1431 decet
574 1397 619 1432 nos
629 1397 749 1446 sapam.
773 1382 902 1445 OHpntea
911 1381 1050 1445 Hymenoee,
1060 1383 1139 1430 adeso
1149 1379 1247 1445 Hymen

269 1459 289 1495 e.

199 1521 315 1558 munus·
347 1507 372 1558 0
392 1511 492 1571 sedam,
508 1509 611 1576 difficilis
630 1509 732 1560 niuniu
752 1524 795 1559 oss
808 1514 897 1559 menn.
932 1508 1039 1572 Gemite,
1056 1509 1166 1572 memoro
1191 1507 1247 1556 Vir·

144 1571 214 1634 eines
223 1573 250 1622 in
264 1573 399 1622 memorium
410 1579 516 1623 reuocent
527 1591 580 1637 qua
591 1575 698 1637 singulae
709 1574 884 1636 excogitarunt.
918 1574 974 1635 an
985 1583 1058 1623 certe
1069 1573 1120 1622 sins
1130 1587 1201 1621 sasso
1211 1573 1247 1621 ito

146 1636 307 1696 meditantem
323 1638 488 1700 excogitarunt
504 1639 571 1688 euim
589 1638 697 1704 aliquid,
713 1641 777 1704 qnod
794 1638 973 1688 mernorntsssit
990 1637 1097 1700 dignum.
1131 1637 1184 1686 Nos
1193 1649 1248 1721 esre

604 1746 785 1767 m

147 1815 171 1861 8¹
180 1812 247 1862 Post
255 1804 318 1860 certe
330 1810 456 1861 excidisse
468 1816 544 1876 putat
553 1811 622 1862 Stat.
633 1811 740 1861 verbnm
759 1815 805 1873 sst,
824 1809 891 1874 qnod
903 1812 931 1861 in
942 1825 993 1861 uno
1009 1811 1067 1862 cod.
1083 1818 1138 1861 tres
1157 1810 1249 1861 literas

147 1875 191 1924 bic
199 1889 283 1924 erasas
291 1874 370 1925 fuisse
378 1876 651 1926 animadverterit—9
666 1875 699 1924 ln
711 1875 786 1926 codd.
796 1877 863 1926 Scal.
874 1876 998 1927 Commel.
1011 1876 1095 1927 Palat.
1106 1890 1132 1938 p.
1138 1877 1249 1925 Venett.

148 1939 224 1990 Brix.
243 1940 345 1989 Vicent.
364 1945 392 1988 et
408 1940 463 2005 aliis
486 1941 567 2005 antiq.
584 1943 666 1989 euomt
685 1954 729 2002 quo
746 1940 822 1989 cisen
836 1945 938 2002 psr·errt,·
956 1941 983 1990 in
995 1940 1054 1990 Ald.
1064 1939 1165 2004 Grypb.
1176 1940 1250 1989 Mur.

147 2007 231 2052 meat
241 2017 297 2066 qnos
307 2004 400 2052 vinem
408 2017 456 2066 pur¹
464 2009 509 2065 est,
520 2003 589 2069 quod
601 2003 714 2052 Avantio
726 2004 818 2053 tribuit
832 2004 903 2053 Scal.
929 2007 1012 2054 sonent
1023 2006 1085 2067 qnod
1093 2017 1187 2066 uespere

147 2066 315 2117 attentabat
334 2067 399 2117 Mel.
424 2073 507 2118 sonent
526 2071 587 2132 qnod
603 2068 695 2116 circem
709 2082 756 2131 pur
774 2072 809 2117 sd
825 2069 906 2118 Cant.
919 2083 953 2119 ex
970 2070 1037 2132 conj.
1047 2068 1149 2117 Marcil.
1160 2066 1192 2116 ad
1213 2069 1251 2116 ita

148 2130 338 2195 explicatione,
359 2130 481 2182 ‘carmen
502 2132 612 2182 victorin
628 2130 762 2194 dignnmt’
778 2138 871 2194 cnm,
893 2147 936 2196 qno
952 2133 1045 2182 vinem
1061 2146 1108 2194 por
1124 2136 1160 2180 est
1175 2130 1253 2181 dedit

148 2195 402 2260 Corradqnodrece
422 2203 477 2246 tnm
486 2202 527 2245 est
536 2197 563 2245 in
571 2196 645 2245 Gott.
654 2196 749 2260 etBip.
768 2196 909 2258 allicerent
917 2198 1020 2261 perjure
1026 2200 1151 2260 parentes.
1173 2195 1250 2245 Iect.

147 2265 264 2310 nostram
276 2261 377 2323 recepit
410 2275 460 2310 oss.
471 2273 504 2310 ex
515 2261 677 2310 'ibatne-1²
692 2260 725 2309 ln
737 2259 835 2309 dnobus
848 2261 917 2310 Stat.
929 2261 1006 2310 codd.
1021 2261 1130 2324 Aspicite
1144 2259 1253 2323 innupta

148 2337 202 2387 pree
209 2337 285 2373 secum
296 2330 323 2373 nt
334 2323 447 2373 meditare
467 2330 592 2387 querunt3
608 2325 635 2372 in
646 2323 697 2372 alio
708 2324 834 2387 ejusdem,
844 2325 944 2388 Aspicis
956 2325 1063 2388 innupte
1073 2340 1125 2390 qnae
1134 2338 1213 2373 secam
1223 2327 1253 2374 stt

147 2388 262 2438 sseditm
272 2393 399 2452 querum
413 2388 482 2438 uude
494 2387 569 2451 fecit,
579 2387 689 2453 Aspicite
697 2388 805 2452 innupte
815 2403 893 2451 queso
904 2394 929 2438 set
946 2391 1061 2438 meditato
1071 2390 1203 2453 requirunt,
1213 2394 1251 2446 et,

131 2513 133 2517 ,
148 2450 235 2516 Aspice
245 2467 297 2515 qua
306 2452 413 2515 innupta
420 2468 497 2502 secum
508 2458 536 2501 st
546 2453 800 2515 nseditutoreqnirunt‚
814 2453 866 2515 vel,
882 2457 910 2501 stt
920 2453 1071 2502 meditamina
1088 2456 1206 2517 perun,
1216 2457 1254 2514 et,

148 2515 256 2581 Aspicite
266 2517 371 2580 empse
381 2532 458 2581 questo
467 2521 495 2566 nt
504 2517 657 2568 medicentur
667 2521 774 2580 querum
782 2532 792 2573 ,·
812 2516 894 2568 Gnar.
905 2517 958 2581 legi
977 2531 1053 2582 posse
1063 2516 1141 2580 dixit,
1151 2516 1253 2567 medita·

591 2709 593 2717 Ι
643 2646 755 2698 norea

136 2734 251 2806 'legetur
259 2740 303 2791 bic
312 2741 410 2792 Catulli
418 2755 514 2792 versus.
548 2741 680 2791 Allienim
721 2743 863 2806 videamus,
879 2743 941 2808 qnid
963 2747 1056 2807 parent
1076 2747 1169 2792 contra
1195 2755 1253 2792 nos.

148 2818 251 2881 legunt,
269 2817 333 2866 Eoos
350 2821 453 2868 mandit
471 2818 573 2878 ueniter
588 2809 683 2881 imbres,
719 2818 772 2868 Sed
785 2819 904 2869 meliores
923 2819 1055 2884 sequimur
1074 2817 1186 2881 codices,
1208 2817 1253 2882 qni

149 2893 224 2958 qussi
234 2892 369 2956 Hesperus
379 2893 517 2943 orientales
528 2894 624 2944 imbres
632 2894 683 2958 sig·
720 2893 770 2942 hoc
788 2892 821 2942 sd
836 2895 947 2957 juvenes
962 2909 1023 2943 mox
1041 2899 1192 2943 cantaturos
1209 2893 1253 2942 sd·

149 2965 250 3018 nificet.
282 2966 336 3016 Alli
347 2967 446 3031 legunt,
458 2970 561 3030 OEtoeos,
569 2969 638 3034 quod
648 2969 681 3019 sb
722 2982 810 3018 versus
839 2970 952 3033 virgines
977 2968 1069 3018 referri
1097 2967 1255 3032 significant,

46 3088 49 3092 .
150 3043 215 3094 OEts
224 3041 372 3106 Hesperum
383 3043 444 3092 oriri
455 3050 586 3106 putarent.
603 3043 680 3093 Unde
721 3044 790 3107 qnod
806 3058 869 3094 sone
880 3052 1018 3096 contextus
1035 3045 1101 3095 rstio
1113 3045 1176 3095 setis
1187 3044 1255 3096 indi·

149 3117 242 3183 virgil.
265 3117 346 3167 ‘Tibi
365 3117 464 3168 deserit
483 3119 617 3182 Hesperus
636 3119 682 3168 (Ε-
721 3125 773 3169 cat.
905 3147 909 3153 ·

151 3193 224 3246 tun:
266 3192 321 3244 Alii
343 3195 441 3258 legunt,
465 3196 559 3245 OEtoens
577 3195 700 3245 olrtenditv
754 3197 786 3244 ll
810 3194 867 3244 Noe
882 3193 967 3254 suellis
982 3195 1074 3259 pdrnn]
1105 3193 1195 3247 Arbor
1212 3205 1255 3246 est

149 3269 250 3331 sutffer
259 3269 361 3320 umbros.
394 3271 511 3335 Scaliger
521 3271 596 3336 legit,
606 3273 682 3321 Osee-
720 3268 807 3332 palma
828 3283 887 3333 qnae
906 3283 958 3318 non
976 3269 1047 3319 cedit
1070 3270 1189 3334 ponderi,
1207 3271 1256 3320 sed

150 3359 181 3396 so
198 3360 224 3396 sc
242 3345 344 3395 otendit
363 3347 465 3407 nosnffer
481 3346 565 3408 imbre,
586 3346 613 3396 id
631 3353 681 3410 est,
720 3345 813 3394 nititur
827 3345 1040 3409 contrapondns,
1051 3346 1162 3410 ideoque
1174 3347 1256 3398 victo·

152 3421 233 3472 neeri:
263 3422 301 3470 its
318 3427 348 3471 nt
365 3423 400 3472 sit
415 3422 560 3472 ‘Oceanus
579 3422 681 3486 imber,’
722 3422 1122 3488 ribnstrnditnrpraemio,qnod
1135 3438 1255 3474 nonces·

152 3503 182 3547 nt
197 3497 206 3524 ⁴
219 3495 351 3547 Oceanum
371 3499 460 3550 mare!
499 3501 575 3552 Quod
595 3508 682 3551 utrum
721 3499 813 3560 serint,
828 3498 873 3548 sed
886 3498 1033 3561 pertinaces
1044 3500 1070 3548 in
1082 3499 1151 3549 bello
1162 3499 1256 3564 persti·

152 3571 189 3625 sit
198 3571 376 3635 acdipiendnm
389 3575 484 3624 viderit
496 3577 598 3626 Lector.
639 3578 683 3627 In·
723 3575 811 3626 terint.
843 3573 910 3623 Inde
932 3576 1010 3636 vulgo
1032 3575 1140 3624 victoris
1159 3574 1257 3625 dicitur

152 3647 347 3773 “mgiwtem
365 3649 450 3699 Po'e'ts
461 3665 509 3713 per
519 3651 587 3712 ignes
600 3653 685 3702 AEtbe·
723 3650 818 3716 palma.
852 3650 921 3699 Vide
939 3649 1027 3700 Strsb.
1048 3650 1094 3700 lib.
1106 3662 1152 3701 xv.
1170 3650 1257 3700 Tbeo·

151 3737 238 3786 reone
284 3723 683 3791 sidemetstellas,qnaasecnrn
723 3727 822 3791 pbrast.
832 3724 878 3775 lib.
888 3738 917 3776 v.
928 3734 957 3774 et
968 3724 1065 3775 Aulum
1077 3725 1147 3783 Geli.
1158 3725 1203 3776 lib.
1212 3739 1257 3778 ιιι.

153 3798 224 3853 terre
235 3799 340 3850 videtur
353 3799 494 3863 Hesperus.
724 3807 749 3852 d.
759 3802 803 3851 nbi
812 3803 870 3851 baec
887 3815 921 3850 ex
931 3801 1004 3850 Plnt.
1016 3799 1181 3852 refernntnrc
1204 3802 1213 3831 ‘
1225 3802 1258 3851 ln

153 3928 160 3947 ι
186 3877 322 3937 acmo,
335 3877 396 3939 qnod
410 3875 485 3924 niem
503 3876 571 3939 [quos
581 3876 684 3940 niueos]
724 3876 908 3935 certaminibus
930 3876 1043 3939 palmam
1071 3876 1172 3940 signu·
1199 3890 1259 3929 esse

151 3950 254 4016 psrest]
286 3949 342 4001 Alii
353 3951 455 4014 legunt,
470 3966 514 4016 qno
531 3952 685 4018 oiscnepnr
724 3953 824 4016 placuit
842 3951 971 4015 rittorioe,
990 3951 1110 4016 qnoniam
1130 3951 1259 4016 ejusmodi

155 4032 201 4090 est,
210 4028 227 4076 i.
236 4040 260 4076 e.
273 4039 324 4091 qno
335 4025 409 4089 duce,
419 4039 513 4090 nempe
531 4027 686 4093 Hymenaeo.
725 4028 788 4092 ligni
799 4026 930 4092 ingenium
941 4033 992 4087 est,
1002 4032 1033 4077 ot
1050 4027 1204 4091 urgentibus
1212 4044 1261 4095 op·

155 4101 209 4154 Alii
224 4103 324 4165 legunt,
332 4107 423 4166 essen,
441 4101 490 4154 boc
503 4109 553 4166 est,
568 4120 585 4155 s
596 4104 686 4167 nobis,
726 4105 950 4171 primentibusque
961 4118 1013 4157 non
1025 4103 1121 4156 sedete

157 4181 194 4240 et,
202 4189 258 4240 qnos
268 4175 341 4239 sisne
349 4191 395 4242 pur
405 4182 450 4245 est,
465 4178 483 4232 i.
492 4193 514 4230 e.
525 4180 646 4232 convenit
657 4186 687 4232 ut
