2774 4702
394 338 608 390 c.yaira11
633 337 798 389 carunsr
823 336 926 387 vrrs.
1163 325 1207 392 19

103 506 208 574 porro
231 485 341 555 ,fuisse
370 489 521 550 nostrum
552 480 706 560 Potitum,
736 480 863 565 liquido
890 485 1032 559 conant,
1056 500 1207 580 cumn-ex

104 589 247 667 Ovidic,
263 588 375 654 Plinio
390 586 531 671 Majore,
548 583 716 664 Martiale,
740 581 903 662 Ausonio,
922 585 1121 668 ceterisque,
1135 592 1207 650 tum

104 692 274 776 exipsius
288 689 496 767 testimonio,
511 688 568 773 qui
583 686 694 753 Garm.
711 701 826 751 xxxr.
850 686 919 764 ubi,
942 706 961 751 e
984 685 1145 770 Bithynia
1157 706 1207 751 re·

105 811 237 869 versus,
254 791 449 856 Sirmionem
472 791 574 854 lacus..
581 788 708 853 Benaci
723 787 939 853 Peninsulam
955 789 1144 872 alloquitur,
1165 789 1209 856 ad

105 895 229 960 larem
241 891 458 958 domesticum
468 891 597 956 salvum
611 908 647 954 se
655 889 837 955 advenisse
851 889 984 971 gaudet.
1028 888 1140 956 Natus
1154 897 1209 956 eat

103 995 153 1082 (si
169 995 397 1078 Hieronymus
411 994 575 1058 rationem
596 997 688 1056 recte
709 982 884 1069 suhduxit,
898 1010 1011 1073 neque
1024 993 1150 1058 numeri
1174 992 1209 1058 in

104 1096 180 1181 ejus
195 1094 364 1160 Chronico
387 1093 559 1178 depravati
572 1088 670 1176 sunt)
685 1091 896 1176 Olympiadis
911 1091 985 1156 lta
999 1111 1084 1157 anno
1097 1093 1143 1170 2,
1162 1093 1208 1158 ah

107 1200 201 1265 Urbe
222 1219 302 1265 vero
326 1197 463 1264 condita
475 1195 552 1262 667.
588 1195 697 1260 Lucio
718 1194 818 1260 Corn.
841 1192 960 1272 Cinna,
986 1191 1050 1259 Gn.
1066 1193 1210 1262 Octavio

105 1296 477 1379 (loss—'Quamobrem
491 1316 560 1362 non
579 1296 703 1382 injuria
716 1298 826 1363 Lilius
840 1295 1024 1380 Gregorius
1041 1297 1210 1382 Gymldas

107 1396 250 1468 Petrum·
262 1396 427 1467 Crinitum
448 1394 675 1484 reprehendit,
687 1399 776 1483 quod
788 1399 933 1464 scrihere
953 1416 1020 1463 nou
1034 1399 1209 1466 dubitare·

106 1505 167 1568 rit:
190 1508 275 1587 ‘pro
298 1507 467 1586 compertu
482 1501 610 1579 haberi,
626 1520 761 1566 carmen
783 1499 825 1564 de
840 1499 982 1565 Passere
1004 1500 1141 1565 Lesbiae
1163 1498 1209 1565 ad

106 1605 287 1687 Virgilium
300 1604 440 1668 missum
462 1603 582 1681 fuisse,
597 1603 642 1666 ub
663 1600 744 1669 illud
761 1600 930 1666 Martialis
942 1609 973 1667 :²
1003 1606 1014 1636 ‘
1027 1601 1085 1667 Sic
1100 1603 1211 1666 forsan

105 1714 201 1772 tener
215 1717 318 1770 ausus
328 1711 380 1770 est
395 1702 546 1770 Catullus
558 1703 686 1788 Magno
700 1702 831 1770 mittere
843 1704 1020 1770 Passerem
1034 1701 1209 1768 Maroni.''

108 1808 201 1874 Nam
215 1808 394 1873 verisimile
415 1828 485 1872 non
500 1813 563 1888 est,
578 1795 746 1874 Catullum
760 1807 1003 1891 septemdecim
1018 1806 1114 1872 annis
1134 1805 1211 1870 Ma·

105 1929 187 1974 rone
201 1909 410 1992 grandiorem
424 1906 539 1993 (natas
555 1916 610 1974 est
621 1910 708 1974 enim
717 1908 830 1987 Maro,
845 1913 929 1974 teste
942 1909 1154 1992 Hieronymo
1169 1924 1219 1990 ac,

108 2011 261 2087 Donato,
285 2008 500 2093 Olympiadis
524 2011 599 2086 1737.
621 2030 708 2076 anno
733 2012 778 2090 a,
801 2012 845 2076 ab
862 2012 955 2076 Urhe
975 2031 1053 2077 vero
1074 2009 1211 2076 condita

105 2111 197 2189 684,
227 2110 287 2175 Cn.
315 2110 484 2194 Pompeio
514 2109 652 2194 Magno,
681 2110 732 2175 Μ.
758 2113 892 2177 Licinio
918 2112 1042 2178 Crasso
1066 2113 1212 2196 primum

108 2211 221 2290 Coss.)
230 2211 335 2276 eidem
351 2212 460 2278 adhuc
475 2232 580 2298 puero
590 2218 715 2280 tantum
730 2209 905 2293 detulisse,
915 2221 948 2280 et
956 2214 1090 2280 nonnisi
1101 2213 1210 2277 fronte

106 2312 280 2398 perfricta,
304 2314 481 2398 animoque
503 2314 689 2396 obfirmato,
711 2316 757 2382 ad
783 2315 858 2400 ejus
883 2316 1026 2382 tribunal
1051 2313 1212 2381 accedere

106 2419 235 2499 posset.
280 2415 450 2481 Praeterea
463 2417 497 2481 rt
513 2414 640 2502 forsan,
653 2417 744 2502 quod
760 2423 814 2482 est
837 2418 928 2502 apud
944 2416 1145 2494 Martialem,
1159 2430 1212 2478 ar·

106 2515 258 2598 gumenti
275 2516 341 2580 rim
357 2517 492 2582 omnino
505 2517 676 2600 infringit.³

150 2616 329 2682 Parentum
353 2617 470 2684 habuit
484 2619 669 2698 Valerium,
692 2639 735 2685 ex
759 2618 901 2686 honesta
924 2619 1055 2685 familia
1073 2617 1212 2684 munici-

610 2844 718 2898 NO'l'AE

107 2989 422 3054 reumquemaudivitrl.
435 2990 583 3061 Antoninus
594 2992 641 3044 im·
682 2993 846 3059 Catullianis,
863 3000 892 3046 at
902 2994 1046 3060 stireman
1064 3007 1142 3060 quam
1152 2993 1215 3046 scri·

108 3070 228 3129 perator,
248 3070 317 3114 teste
339 3066 486 3132 capitolino
507 3068 535 3119 in
555 3067 643 3119 Marci
681 3068 731 3134 hit,
754 3084 903 3136 comparare
926 3085 985 3122 cum
1004 3070 1128 3133 Marone3
1150 3071 1215 3121 licet

109 3143 237 3192 vitanti.
269 3141 338 3192 Nam
356 3151 385 3194 et
403 3144 478 3209 hujus
490 3158 580 3196 verum
597 3159 643 3195 no·
683 3154 804 3197 accurate
823 3146 952 3213 loquendo
969 3160 1023 3196 uon
1035 3146 1092 3210 jam
1108 3146 1146 3196 lta
1163 3148 1214 3197 ela·

109 3234 170 3270 rnen
184 3220 294 3270 cunas
311 3226 379 3284 erat,
397 3229 428 3272 ut
438 3229 546 3274 'constru
555 3237 589 3274 ex
604 3223 643 3274 M.
683 3224 767 3274 ruerit
777 3223 911 3288 Virgilius,
921 3238 980 3275 cum
991 3223 1215 3277 Getullussetihe·

109 3295 240 3345 Antonini
261 3294 308 3345 lih.
330 3310 351 3346 r.
373 3302 438 3348 sect.
458 3301 498 3348 ra.
531 3297 644 3350 Accedit
684 3304 735 3361 ret,
752 3304 782 3348 ut
800 3298 834 3348 ad
852 3313 912 3348 eum
929 3297 1028 3348 misisse
1043 3298 1216 3348 carmiussus

109 3369 167 3433 ille,
179 3369 212 3419 ad
225 3384 301 3434 quem
313 3371 441 3422 Martialis
451 3385 502 3423 ιιι.
514 3373 644 3424 tl.‘Hae·
684 3372 756 3424 credi
765 3372 856 3437 possit.
888 3371 938 3422 Sed
950 3377 1157 3437 quantacumque
1167 3372 1216 3422 eti·

109 3445 202 3496 rodam
221 3446 271 3495 tihi
289 3461 339 3510 rue,
356 3447 469 3511 Catulle,
486 3448 566 3500 dicis:
583 3449 645 3499 Non
684 3462 726 3498 am
737 3446 832 3498 deinde
842 3445 1096 3513 fuitvirgr'llifama,
1106 3462 1158 3499 non
1171 3448 1217 3499 dn·

110 3522 227 3585 credam,
235 3520 392 3588 intellegere,
403 3524 523 3577 catulla’
538 3523 592 3592 (Ex
601 3524 645 3576 ed.
684 3524 795 3577 hitasset
807 3521 877 3575 forte
888 3523 1017 3592 catullus,
1032 3525 1056 3577 si
1073 3531 1128 3578 turn
1140 3526 1217 3578 rixis·

111 3595 322 3664 Bipontpdtt.)
686 3605 737 3664 set,
763 3599 901 3651 Passerem
927 3615 1000 3652 suum
1027 3601 1067 3653 illi
1089 3603 1216 3669 jocosque

54 3737 58 3744 .
143 3675 157 3704 ²
176 3672 235 3722 Lib.
247 3686 285 3722 rr.
297 3673 381 3740 epigr.
392 3677 432 3725 14.
685 3678 799 3729 mittere.
832 3678 874 3729 lta
890 3679 1020 3730 Martialis
1037 3694 1140 3745 quoque
1155 3679 1218 3744 Epi·

144 3749 252 3800 ³Quod
263 3749 394 3800 Martialis
410 3749 524 3815 scripsit,
543 3750 646 3813 Siclor-
686 3758 831 3817 grammata
849 3769 896 3805 sua
917 3754 955 3806 ait
979 3770 1008 3805 ae
1030 3755 1124 3806 offerre
1145 3754 1217 3806 Silio.

111 3840 164 3888 saa,
177 3826 218 3887 irc.
237 3825 286 3874 hoe
296 3838 349 3874 uon
365 3825 405 3876 its
423 3833 513 3891 potest
526 3825 647 3892 intelllgi,
686 3828 729 3882 Jo.
740 3828 825 3878 Issaei
837 3828 952 3885 Pontaul
963 3837 1049 3881 autem
1061 3836 1089 3880 et
1099 3830 1217 3880 Boxlror·

112 3916 144 3951 ac
164 3900 186 3950 si
207 3913 300 3951 revera
322 3902 356 3952 ad
374 3903 513 3967 Virgilium
531 3905 646 3954 carmina
685 3904 845 3970 niitQuaeat.
857 3907 963 3956 Rome.
975 3905 1029 3970 35.)
1049 3905 1217 3956 hallucinatio

112 3994 167 4037 sua,
186 3979 230 4029 vel
246 3993 351 4029 carmen
362 3979 395 4030 de
410 3981 529 4044 Passera,
546 3981 646 4033 miserit
686 3981 823 4032 tribuenda
834 3983 923 4032 calami
940 3981 1111 4048 festinationi,
1130 3984 1219 4034 Catul-

112 4056 251 4116 Catnllua;
269 4070 327 4105 uam
347 4055 443 4122 alioqui
464 4066 517 4108 nort
536 4057 647 4109 dixisset
685 4058 739 4109 lum
765 4059 883 4108 Martiali
902 4057 1033 4122 juniorem
1054 4058 1216 4111 iacientium.

112 4130 256 4195 Martialis,
274 4131 417 4192 tirsum:
434 4133 480 4184 sed
492 4133 559 4198 quud
574 4134 646 4184 Mar·
686 4132 738 4200 (Es
750 4133 812 4184 edit.
823 4134 928 4198 Bipont.
940 4148 967 4197 p.
980 4131 1034 4200 lt.)

116 4203 187 4254 alatis
195 4218 242 4256 sua
253 4205 365 4258 voluerit
376 4206 572 4274 Epigrammata
585 4223 645 4261 cnm
