2774 4702
141 310 206 376 298
492 327 523 373 o.
546 323 705 373 venenu
730 323 895 374 ceruum

140 471 255 535 Parve
268 468 334 533 mei
349 468 429 532 mibi
442 476 520 532 sunt
535 469 629 534 cordi
642 476 854 533 monumenta
897 467 919 510 *
964 469 986 512 *
1030 468 1051 511 t

183 570 232 635 At
245 571 395 654 populus
410 571 538 636 tumido
553 569 696 653 gaudeat
709 568 922 635 Antimacho.
1202 579 1245 644 10

141 738 202 785 ictor
220 740 296 785 caetea
312 735 433 785 acombrie.
479 736 560 785 Pauca
581 708 671 800 scripto
693 737 740 786 mci
759 738 849 788 Cinnae
871 737 931 787 mitri
948 739 1050 802 placeat.
1092 741 1172 793 Terbo
1188 759 1246 796 utro

139 802 276 864 delectetur,
286 806 410 865 quantum
421 800 541 863 voluerit,
551 800 634 866 inflato
644 802 794 851 Antimacho.

601 928 781 948 W

141 1016 240 1080 reliqua
250 1031 309 1080 pure
319 1018 346 1067 in
359 1017 490 1068 veteribus
508 1018 581 1068 libria
600 1016 781 1066 decideretur?
800 1017 868 1067 Mur.
884 1017 928 1066 ulii
948 1018 1047 1079 legunt,
1059 1019 1094 1068 Ae
1110 1018 1193 1070 Votuat
1203 1037 1247 1072 aar·

140 1082 204 1129 coiea
214 1081 320 1130 Paduam
330 1083 461 1132 morientur
471 1083 503 1131 ad
513 1084 605 1146 ipram
622 1084 649 1130 in
670 1081 738 1130 Stat.
756 1080 832 1131 codd.
854 1096 955 1145 qnoque
974 1083 1093 1144 Pedatam,
1109 1090 1137 1133 ut
1151 1100 1246 1148 proco

140 1142 282 1206 torcanuo,
301 1147 369 1210 quod
381 1146 473 1196 acribae
492 1147 531 1195 ita
542 1151 723 1209 corruperunt,
741 1153 771 1193 ut
788 1146 965 1208 conjecturam
983 1144 1071 1196 fecere
1086 1162 1181 1197 vantem
1193 1150 1246 1210 ait;
1276 1151 1283 1159 “

140 1207 166 1257 in
178 1209 247 1258 Scai.
263 1209 320 1259 cod.
343 1212 445 1272 podoom
453 1215 578 1274 portentur
587 1212 618 1258 od
626 1210 702 1272 ipsam
709 1224 719 1266 3
739 1208 807 1257 uude
818 1209 886 1257 inea
903 1224 956 1257 nour
969 1216 1100 1272 purgentur
1109 1214 1141 1260 od
1154 1213 1246 1276 ipsam,

78 1319 81 1324 .
140 1272 173 1321 ob
185 1272 377 1323 similitudinem
386 1275 454 1324 iuter
465 1280 486 1335 t,
497 1291 518 1337 a,
530 1281 585 1335 etg
596 1273 622 1321 in
633 1272 708 1321 codd.
719 1273 849 1336 antiquis3
867 1225 901 1320 vg
912 1287 999 1335 apuam
1012 1274 1121 1337 interpr.
1132 1276 1246 1338 piscicu-

137 1336 202 1396 lum,
214 1351 291 1399 quem
302 1338 523 1387 muriaconditnm
534 1338 631 1387 chartis
641 1337 738 1400 ineptia
749 1337 856 1386 amicire
868 1338 1003 1386 uolebant:
1016 1337 1042 1386 in
1054 1339 1127 1387 Brix.
1138 1345 1166 1389 et
1178 1341 1247 1403 aliia,

139 1400 231 1449 Putooi
238 1400 369 1450 moriautur
379 1405 410 1451 ud
418 1403 506 1464 urbem,
514 1401 584 1466 qnod
598 1401 731 1463 reciperet
739 1401 810 1450 Mur.
822 1401 844 1449 si
857 1408 922 1450 vett.
931 1401 1005 1450 codd.
1016 1403 1166 1453 testimonio
1178 1403 1247 1454 uite·

140 1469 229 1525 retur;
254 1465 360 1527 Capetum
370 1468 540 1516 morienturad
555 1467 630 1528 iprum
650 1465 718 1528 conj.
739 1465 843 1514 Passer.
867 1467 961 1513 Aditum
972 1468 1102 1514 morientur
1117 1470 1148 1515 ud
1166 1468 1247 1530 iprum

139 1527 216 1578 Voss.
227 1528 356 1590 probante
369 1531 458 1579 Heius.
485 1531 580 1579 Adaeum
596 1530 665 1578 euim
686 1528 778 1578 scribit
794 1527 900 1577 fluvium
912 1543 969 1579 esee
982 1530 1076 1579 Gallim
1095 1530 1246 1595 Ciaaipinae,

139 1592 229 1655 quiex
237 1590 348 1656 Alpibus
360 1594 385 1641 in
395 1596 479 1644 lacum
491 1595 596 1643 Larium
607 1608 634 1642 ae
646 1599 786 1644 exoneret:
807 1592 913 1642 Gadium
923 1598 1046 1654 portentur
1054 1596 1085 1642 od
1095 1594 1171 1657 ipeom
1183 1597 1247 1645 Cor·

140 1655 247 1706 rad-9
263 1657 294 1706 Iu
307 1658 382 1706 codd.
391 1660 458 1708 Stat.
470 1658 519 1707 aiut
531 1673 578 1722 pro
586 1663 656 1707 aaut:
673 1658 699 1706 iu
711 1655 828 1706 omnibus
840 1658 908 1706 Mur.
919 1657 994 1708 Voce.
1005 1664 1032 1707 et
1045 1659 1160 1721 ejusdem
1172 1661 1244 1710 Stat.

140 1719 217 1769 codd.
234 1721 311 1784 hujus
323 1736 412 1772 uerene
429 1722 505 1772 abest
522 1723 628 1773 verbum
648 1722 783 1780 ultimum3
801 1720 877 1770 codd.
900 1721 975 1769 Petri
994 1721 1107 1771 Victorii
1128 1729 1156 1773 ct
1173 1724 1246 1775 Scal.

139 1783 263 1834 exhibent
271 1787 519 1849 omremeotcicboma,
529 1788 597 1849 quod
604 1791 775 1849 reposuerunt
784 1785 853 1835 Scal.
861 1784 910 1834 Ed.
919 1800 995 1834 anon.
1005 1785 1101 1849 Deipb.
1110 1787 1171 1848 Bip.
1183 1788 1226 1836 aiii
1236 1805 1244 1836 t

140 1861 173 1895 ex
183 1849 241 1899 VV.
253 1851 318 1962 BD.
327 1852 495 1914 conjecturis,
504 1851 600 1913 rodolio,
611 1857 639 1899 et
647 1849 732 1913 poitoe,
749 1855 776 1898 et
794 1848 894 1912 tribum,
908 1864 958 1898 vox
976 1849 1063 1898 aodotia
1076 1849 1176 1899 arridet
1186 1852 1246 1900 Mn·

139 1917 198 1962 reto
209 1919 237 1962 et
281 1928 335 1962 oer.

636 2042 744 2093 NOTAE

137 2152 288 2202 ‘Scombria
308 2154 409 2204 tunicae
430 2154 504 2204 dabie
529 2154 670 2205 molestae!
710 2153 804 2203 benum
820 2166 927 2203 exoreue
944 2158 1014 2205 eaeet
1025 2152 1119 2215 viginti
1137 2158 1165 2202 et
1182 2169 1245 2220 qrra-

138 2226 198 2276 Hoc
218 2232 304 2276 aretem
321 2229 428 2278 exitium
451 2229 606 2279 carminibus
618 2229 670 2277 auia
712 2233 770 2276 tuor
796 2227 926 2276 uolumina
952 2225 1074 2288 confecit,
1102 2232 1244 2293 antequam

137 2303 268 2353 minantur
289 2319 377 2353 omnea
397 2303 453 2354 fere
474 2304 580 2354 Poeta:
605 2303 670 2353 Per·
710 2303 1043 2353 DuceeTbebaeduceret.
1082 2304 1243 2355 ‘Tumidos'

136 2378 204 2439 eiue;
219 2381 228 2408 ⁴
241 2380 298 2428 Nec
310 2379 442 2430 scombros
454 2380 597 2431 metuentia
613 2393 668 2430 car·
709 2393 788 2442 porro
805 2378 847 2427 uel
867 2379 899 2428 ob
919 2379 1024 2441 stylum,
1040 2378 1081 2427 vei
1102 2377 1139 2428 ob
1157 2380 1245 2444 operio

137 2453 363 2517 mina,necthua.’
708 2454 915 2518 magnitudinem
941 2454 1037 2504 dicitur
1065 2454 1178 2518 Catullo,
1199 2456 1244 2520 qui

147 2533 201 2579 '10
231 2531 341 2579 Goedeot
365 2529 519 2593 Aetiumcto]
552 2529 667 2579 Antima·
709 2531 811 2579 videtur
832 2531 967 2579 Volusium
990 2529 1172 2578 ‘Antimacbi'
1198 2545 1244 2580 no·

136 2604 200 2653 cbua
211 2604 402 2654 Grammaticus
421 2603 472 2654 fuit
483 2612 509 2653 et
521 2604 608 2654 Poeta
618 2606 667 2655 Co·
708 2606 776 2655 mine
787 2606 921 2668 appellere
929 2605 963 2654 ob
980 2604 1141 2668 garrulitatis
1154 2605 1245 2654 simili·

135 2679 282 2745 lophouius,
294 2686 323 2728 ut
341 2686 453 2729 testatur
471 2680 576 2740 snidne,
593 2680 668 2743 cujue
709 2681 841 2730 tudinem:
865 2687 895 2729 ut
906 2679 940 2729 ob
952 2679 1078 2744 poematia
1096 2679 1244 2729 similitudi-

136 2756 215 2804 etiam
227 2755 343 2804 meminit
360 2755 470 2807 Quintil.
485 2755 572 2805 Inatit.
590 2755 666 2805 Orat.
708 2770 767 2804 uem
787 2770 815 2806 ee
836 2757 979 2806 Romanum
999 2757 1104 2807 vocarit
1122 2755 1243 2807 Callima·

135 2831 180 2879 lib.
191 2844 217 2880 x.
251 2831 418 2881 Huncetiam
430 2831 555 2880 Horatius
571 2830 595 2878 in
608 2830 667 2880 Art.
707 2830 791 2880 cbnrn.

136 2905 214 2955 Po'et.
224 2905 342 2966 notavit3
368 2905 478 2970 quicum
492 2905 589 2955 bellum
600 2905 668 2954 The·

543 3131 842 3148 ——q-..Q

501 3288 873 3400 onuMaNchvr.

412 3483 476 3567 ¹AI)
494 3482 652 3532 CALVUM
669 3485 723 3552 DE·
736 3485 953 3545 QUlN'i'llrlt.

178 3614 217 3677 Sr
235 3612 413 3701 quicquam
428 3616 529 3707 mutis
543 3620 669 3705 gratum
684 3623 930 3706 acceptumque
946 3619 1110 3701 sepulcris

220 3714 384 3778 Accidere
399 3735 420 3779 a
433 3723 563 3794 nostro,
579 3714 693 3795 Calue,
709 3717 825 3783 dolore
840 3726 965 3801 potest,
1178 3714 1185 3724 ’

167 3862 192 3913 0
203 3864 314 3926 eulaeo·
325 3863 415 3926 aliquid
425 3877 455 3911 ex
464 3877 562 3912 merore
579 3868 657 3913 uortro
666 3870 745 3929 potent
753 3865 979 3927 evenirejncuaoom
987 3869 1025 3918 oei
1033 3884 1104 3919 cauae
1120 3871 1244 3924 attentiore

630 3991 740 4043 Nom

144 4143 149 4150 .
167 4106 182 4151 1
200 4100 374 4167 nequequam]
401 4101 666 4155 CalviPod'taaoffici·
706 4106 771 4156 tibae
782 4107 885 4171 pueiire,
900 4124 976 4175 quam
995 4109 1081 4160 rivam
1098 4123 1243 4177 amoverat,

134 4193 178 4233 um
190 4181 368 4247 pietatemque
379 4181 406 4233 in
416 4180 668 4247 cotoneorum·
706 4189 866 4249 promotore
885 4194 978 4252 morta,
995 4189 1177 4253 commendam
1193 4193 1243 4244 ait-
