2774 4702
559 322 714 372 ctsussrt
740 325 802 372 Cli.

539 672 743 740 CARMEN
767 675 845 741 cll.

537 852 588 903 An
605 857 840 907 colluctatum.

139 1003 181 1066 Sl
198 1003 376 1087 quicquam
389 1004 494 1068 tacito
509 1004 722 1068 commissum
737 1012 788 1070 cst
800 1004 867 1070 fido
884 1008 926 1070 ab
943 1007 1061 1084 amico,

117 1168 120 1173 ,
185 1102 320 1186 Quojus
334 1106 378 1168 sit
390 1105 524 1188 penitus
538 1112 621 1168 noto
636 1104 720 1168 fides
733 1106 855 1186 animi3

140 1201 202 1268 Me
217 1224 319 1268 unum
332 1225 406 1269 esse
422 1207 567 1270 invenies
581 1206 713 1270 illorum
725 1205 801 1288 jure
816 1210 992 1284 sacratum,

184 1303 329 1384 Corneli,
347 1311 379 1370 ct
392 1306 520 1372 factum
533 1327 587 1370 mc
601 1327 677 1371 esso
690 1313 772 1392 puta
787 1307 1039 1392 Harpocratem.

172 1469 202 1518 Si
216 1444 274 1534 qaid
290 1466 403 1535 unquam
419 1471 448 1520 al
458 1466 609 1536 omieojideli
623 1472 740 1522 creditum
754 1478 789 1521 est
800 1473 877 1522 alteri
888 1472 972 1521 amico
982 1475 1070 1523 luceoli
1081 1488 1174 1523 arcana
1190 1475 1239 1525 sibi
1311 1498 1316 1506 ¹

137 1535 283 1595 commissa,
300 1537 365 1596 crpus
373 1536 484 1600 fidelitas
497 1536 572 1585 animi
586 1537 622 1585 sit
634 1539 704 1599 plone
714 1539 825 1598 cognito:
842 1537 867 1586 0
885 1538 989 1598 Corneli,
1005 1552 1042 1585 ms
1056 1538 1128 1585 etiam
1138 1540 1240 1600 reperies

136 1599 239 1648 mmm
248 1599 361 1661 religiose
371 1614 421 1649 ests
430 1605 599 1663 consecratum,
609 1605 681 1665 otqsc
688 1601 801 1650 existimo
809 1615 846 1648 me
856 1599 1001 1650 rarefactum
1013 1600 1196 1662 Harpocratem.

599 1722 779 1744 Mimo

172 1810 187 1856 l
204 1806 236 1856 ln
246 1805 321 1856 Brix.
329 1806 398 1856 Stat.
410 1805 488 1855 codd.
500 1812 527 1854 et
539 1804 643 1853 Marcii.
654 1804 810 1854 membranis
821 1805 849 1854 Sl
860 1807 986 1869 qumquam
993 1807 1066 1856 tacito
1074 1822 1084 1864 ,⁴
1092 1807 1161 1857 Stat.
1168 1810 1237 1872 conj.

136 1870 167 1919 Si
177 1871 301 1933 quoiqoom
316 1871 424 1930 tacitum,
434 1884 527 1932 nempe
538 1868 674 1931 ἀπόῤῥητον,
687 1883 818 1930 arcanum,
835 1872 990 1931 tacendum;
1012 1872 1062 1933 rel,
1080 1871 1110 1919 Si
1126 1873 1239 1935 quidqud

137 1935 226 1989 taciti,·
238 1935 338 1983 Marcil-
365 1934 394 1983 st
405 1934 527 1996 quicquam
538 1934 773 1994 tantummodum
789 1938 824 1982 est
834 1933 877 1983 sub
886 1935 939 1999 fide
950 1937 1039 1992 amico,·
1061 1935 1105 1984 alii
1116 1951 1158 1999 ap.
1168 1937 1238 1986 Mar·

138 1998 185 2047 cil.
212 1997 240 2047 St
258 1998 379 2061 mucosum
398 1997 478 2058 taciti,
498 1997 565 2061 quod
585 1998 640 2046 vult
658 2011 760 2062 quoque
778 1998 916 2047 Heinsiusz
934 1999 961 2048 in
974 2000 1090 2063 pluribus
1102 2000 1162 2049 edd.
1176 2007 1239 2050 vett.

137 2062 268 2112 tacita-3
279 2063 366 2126 Meque
376 2076 425 2111 esse
435 2061 539 2110 inuenies
547 2060 573 2108 in
584 2062 678 2110 Venet.
689 2061 764 2111 Brix.
776 2062 881 2111 Vicent.
895 2063 977 2127 Rheg.
988 2063 1046 2113 cod.
1058 2064 1126 2114 Scal.
1138 2065 1239 2115 Marcil.

137 2126 306 2188 membranis,
325 2133 353 2175 et
371 2125 499 2175 nonnullis
512 2124 606 2185 Statii;
623 2124 691 2192 qnod
704 2126 818 2189 reposuit
827 2126 896 2175 Scal.
908 2135 935 2176 et
948 2126 1068 2190 probavit
1077 2129 1181 2177 Marcii.
1193 2130 1239 2194 qui

137 2190 252 2254 interpr.
267 2205 311 2252 quc
327 2204 375 2253 per
390 2188 536 2254 ‘quoque:’
554 2187 632 2252 Atque
640 2189 793 2248 essejuoeues
804 2191 831 2238 in
843 2191 900 2239 aliis
912 2192 979 2241 Stat.
988 2192 1063 2241 codd.
1088 2193 1156 2241 Stat.
1169 2194 1239 2255 conj.

139 2253 194 2317 Mo,
203 2269 270 2317 queas
278 2255 328 2316 ipse
337 2255 446 2315 adjurem
468 2251 578 2314 vel‚Aut
588 2268 656 2316 quem
666 2253 718 2315 ipsc
727 2255 839 2313 adjuret,-
856 2256 908 2312 vcl,
921 2257 972 2315 Me,
987 2271 1055 2318 qoem
1065 2257 1117 2317 ipsc
1126 2257 1239 2306 inuentos.

139 2318 190 2368 Illo
203 2319 322 2380 conjure
336 2323 463 2375 motum,
482 2317 592 2366 Cornelii
616 2318 689 2365 Voss.
708 2318 750 2366 Me
766 2333 831 2379 oeqse
846 2318 958 2380 lonssur,
976 2317 1141 2383 improbante
1159 2320 1241 2370 Doiir.

138 2389 244 2433 secutus
256 2389 342 2432 tamen
352 2383 421 2430 illum
434 2387 476 2430 cst
485 2381 564 2444 Volp.
591 2381 635 2430 Me
644 2394 742 2443 quoque,
753 2387 782 2430 ut
793 2381 877 2429 hiatus
892 2383 1060 2446 relinquatur,
1073 2384 1112 2431 vel
1122 2383 1165 2432 Me
1176 2389 1240 2432 certe

138 2447 230 2495 msllet
240 2447 323 2496 Doer.
350 2445 396 2494 Illo
417 2445 463 2494 tibi
474 2443 531 2504 jure
541 2450 660 2496 socratam
676 2444 702 2492 in
717 2443 792 2493 codd.
804 2444 903 2497 Italicis
916 2445 1007 2495 Helos.
1024 2447 1131 2494 ‘manet
1145 2453 1241 2503 tamen,

139 2525 326 2575 quamcumque
337 2510 475 2559 lectionem
487 2509 614 2572 sequaris,
626 2508 692 2556 dura
708 2517 736 2556 et
752 2508 906 2556 inconcinna
922 2509 948 2556 in
960 2509 1009 2560 hoc
1020 2508 1129 2557 disticho
1140 2509 1240 2568 oratio;

138 2571 1152 2687 tiltlltt‘ltltt‘{ttttttlliltt‘ltl‘tltltlt'ltltttll·
1165 2573 1240 2685 iili

139 2651 251 2764 eurezliui
261 2701 401 2751 nechiatus
413 2713 462 2750 nec
471 2705 592 2760 correpta
603 2697 692 2746 ultima
704 2697 730 2743 in
741 2699 802 2758 puto
811 2651 942 2759 inplicet.

639 2841 746 2892 NOTAE

174 2964 188 3007 1
205 2958 235 3007 Si
252 2957 375 3021 qumquam
389 2957 474 3020 tacito]
507 2956 627 3006 Cornelio
641 2955 670 3004 ti·
711 2961 780 3006 mate
792 2954 876 3006 fuerat
887 2955 913 3004 in
926 2954 1012 3005 fronte
1023 2961 1203 3019 prenotatam.

139 3030 671 3098 demsuamspondet,invictamqueadeo
742 3034 758 3079 4
783 3030 968 3095 Harpocratem]
1006 3029 1084 3093 Apud
1111 3028 1244 3095 AEgyptios

138 3108 352 3171 taciturnitatem,
373 3114 403 3157 ut
428 3121 556 3170 nunquam
578 3120 671 3156 arcana
711 3107 889 3171 Harpocraten
910 3107 981 3166 Dens
1007 3107 1103 3156 silentii
1130 3109 1242 3158 trabeba-

140 3185 193 3235 sibi
204 3184 338 3235 commissa
348 3183 382 3232 sit
392 3182 563 3231 revelaturus.
711 3189 769 3242 turs
798 3183 870 3244 cujus
891 3182 1055 3230 simulacrum
1080 3182 1106 3229 in
1125 3183 1242 3246 Templis

175 3265 191 3308 ³
207 3261 268 3310 Jure
278 3260 407 3324 surdum]
437 3255 670 3321 1dest,quasiSa·
699 3257 789 3307 'Isidis
807 3264 835 3306 et
854 3255 986 3319 Serapidis
997 3261 1063 3317 erat,
1080 3255 1146 3319 quod
1159 3256 1242 3319 digito

140 3344 276 3389 eramento
292 3336 433 3399 Religionis
446 3334 575 3384 adactum.
606 3333 671 3381 Ver·
711 3332 785 3381 labiis
806 3331 929 3394 impresso
948 3329 1085 3378 vidcbnmr
1103 3329 1242 3380 admonere

140 3415 177 3464 bo
186 3414 294 3477 mystico
306 3411 424 3461 Catullus
440 3411 533 3469 utitur,
544 3408 604 3472 quia
618 3407 672 3470 agi·
711 3406 841 3458 silentium
853 3418 909 3454 esse
920 3403 1081 3453 servandum.
1106 3403 1176 3454 Huic
1183 3400 1242 3455 Deo

141 3497 186 3540 tur
205 3489 238 3537 de
265 3486 378 3547 silentio,
398 3483 467 3549 quod
493 3482 672 3546 mysteriorum
712 3480 978 3542 menseMesori,hoc
997 3477 1187 3543 cst,Augusto,
1204 3481 1242 3536 le·

142 3570 186 3615 est
203 3563 345 3628 proprium.
378 3560 423 3610 Sic
442 3559 530 3624 primis
546 3546 673 3608 Ecclesiae
713 3556 816 3620 guminn
838 3552 992 3605 offerebant.
1033 3553 1074 3602 Dc
1094 3554 1142 3603 hoc
1164 3570 1243 3618 porro

141 3639 241 3691 saeculis
260 3641 331 3687 inter
348 3635 508 3686 Christianos
519 3633 537 3682 ii
553 3633 674 3681 diceban·
712 3630 809 3680 silentii
821 3630 938 3695 symbolo
952 3630 1008 3697 jam
1020 3644 1098 3693 supra
1109 3630 1240 3687 Catullus:

143 3720 188 3762 tor
202 3711 339 3775 ‘Sacrati,’
354 3726 399 3760 seu
415 3708 550 3759 ‘initiati’
560 3715 587 3757 et
618 3708 674 3770 Sig-
712 3707 720 3735 ‘
732 3709 767 3757 Et
778 3713 898 3776 patruum
909 3706 1024 3756 reddidit
1035 3705 1242 3769 Harpocratem?

140 3788 216 3853 antif
226 3789 319 3857 quibus
328 3785 417 3837 Crucis
425 3784 584 3850 signaculum
591 3783 675 3833 Clrris·
