2774 4702
464 334 621 383 cornert
646 333 821 382 XXXVIII·

216 479 341 546 Omnes
354 478 483 562 pusilli,
497 482 532 542 at
542 477 701 542 semitarii
714 475 839 542 moecbi
848 496 871 557 ·,‚

211 582 264 647 'l'u
279 587 403 664 praetor
417 600 535 646 omnes
548 599 614 645 une
628 580 671 644 de
688 580 859 664 capillatis

215 681 429 748 Cuniculosae
442 681 631 747 Goluberiae
643 682 703 760 fili,

213 784 347 866 Egnati,
363 802 473 868 opaca
486 802 585 867 quom
599 784 728 847 bonum
741 782 826 847 fucit
839 783 954 858 barbo,

212 884 259 948 Et
272 885 355 950 dens
370 885 500 950 Hibera
513 883 693 950 defricatus
707 884 812 949 urina.
1137 885 1180 949 20

78 1050 170 1099 ommia
178 1051 258 1125 illone
278 1055 302 1098 et
313 1051 375 1112 qaod
382 1050 460 1125 minuo
470 1047 597 1108 serendum
607 1049 718 1124 renuiter
726 1063 805 1125 oroneo
815 1053 840 1098 et
849 1049 958 1125 belgoto
966 1051 1121 1099 xortotorea:
1139 1048 1186 1098 red

544 1302 723 1322 nonomen

80 1387 178 1451 corrigi
190 1386 246 1436 rult
254 1391 358 1449 paratu
373 1386 433 1435 lect.
446 1385 514 1448 plur.
526 1384 603 1435 codd.
704 1400 719 1433 e
733 1386 906 1450 propugnavit
914 1386 1047 1436 Stat—lt
1065 1387 1185 1438 Quatnor

79 1452 107 1501 bi
120 1451 204 1501 ultimi
221 1465 320 1512 verona,
360 1464 405 1498 uos
424 1448 583 1498 recentiores
602 1449 635 1498 ed
655 1449 738 1500 ,bute
748 1452 835 1500 Carm.
852 1450 1032 1514 adjunxerunt,
1044 1452 1069 1500 iu
1086 1453 1183 1501 Dread.

79 1531 177 1566 norum
198 1516 310 1564 Carmen
372 1513 453 1563 ciunt.
487 1512 588 1561 Pallad.
608 1520 635 1563 et
647 1512 729 1563 Guor.
750 1515 782 1563 P.
795 1513 1038 1576 auctoreArantio,
1053 1522 1113 1578 poet
1125 1521 1185 1566 ud.

80 1581 281 1631 Culmum.
293 1583 443 1641 posueruut.
476 1576 509 1626 lu
527 1577 630 1627 Vicani.
645 1577 720 1627 Brit.
739 1578 820 1642 Rbeg.
831 1584 860 1626 et
871 1578 979 1628 Venett.
996 1592 1053 1628 cum
1064 1579 1184 1644 sequenti

80 1644 205 1701 umine
216 1643 418 1706 coniunguntur.
441 1641 516 1691 Vero.
528 1645 569 1690 1⁷.
578 1644 618 1691 10.
630 1639 839 1692 affartPrirciau.
849 1640 895 1691 lib.
907 1656 934 1692 v.
943 1657 968 1706 p.
977 1646 1034 1693 ota.
1046 1648 1085 1692 tt).
1096 1643 1183 1702 etlite-

79 1723 139 1758 rum
151 1721 190 1758 vr.
199 1722 226 1771 p.
236 1711 293 1757 ru.
309 1710 350 1757 tt.
361 1706 403 1756 erl.
415 1706 525 1755 Putrcb.
536 1704 563 1755 lu
574 1705 657 1756 altaro
668 1706 726 1756 loco
739 1720 786 1769 pro
798 1706 945 1756 Curicrrlm
963 1707 1061 1771 legitur
1083 1708 1185 1758 Celtibe·

80 1787 161 1832 rom
169 1770 239 1820 unde
249 1772 325 1821 Vota.
333 1771 401 1834 conj.
421 1769 497 1819 Celtic
503 1785 605 1834 pm:
624 1770 670 1820 red
689 1770 751 1820 leot.
766 1778 881 1821 noctram
892 1778 997 1821 tuentur
1007 1786 1095 1822 omnes
1107 1773 1184 1823 codd.

80 1844 154 1887 etex
163 1834 328 1897 nummo,ubi
339 1834 430 1884 redono
442 1847 499 1883 curn
511 1834 576 1884 olera
586 1848 657 1885 ramo
665 1835 759 1884 muller
769 1842 797 1884 et
805 1842 892 1884 artano
901 1836 1045 1895 ounicnlne,
1054 1838 1184 1901 peculirre

79 1900 219 1964 Hirpanlte
237 1898 388 1963 symbolum,
409 1898 558 1960 exhibetur,
577 1897 696 1949 defendit
710 1901 848 1962 spanhem.
866 1900 1089 1962 ‘Teutumabert,
1101 1903 1185 1951 utboe

99 1973 196 2015 uataor
208 1978 299 2014 vereor
318 1978 377 2015 cum
397 1964 483 2012 Carm.
504 1975 613 2014 xxxvrr.
634 1964 826 2027 conjungendos
844 1964 1014 2028 defenderim,
1034 1973 1064 2016 nt
1080 1981 1115 2015 ex
1132 1966 1184 2016 elio

80 1979 205 2081 gemine
212 2027 352 2091 demutor,
362 2042 377 2076 c
389 2027 468 2090 Capri
485 2026 601 2079 Gramm.
609 2027 690 2091 libris,
700 2044 763 2092 quor
777 2029 904 2079 Priscian.
915 2035 975 2080 aute
986 2030 1075 2081 oculos
1085 2030 1184 2090 babuit,

79 2092 107 2141 in
126 2091 203 2142 codd.
222 2092 463 2206 caIIEr'frdmepm’
479 2097 507 2141 et
519 2092 599 2155 juxta
610 2093 696 2143 Carm.
709 2106 809 2143 xxxix.
823 2094 912 2144 riutilio
929 2095 1074 2158 argumenti
1084 2095 1182 2159 positor

81 2156 246 2207 existimem’
338 2190 345 2205 .

576 2267 688 2319 NOTAE

114 2381 146 2428 18
165 2378 310 2429 Coeicrrlorae
323 2377 469 2442 Celtiberiae]
486 2380 552 2428 Part
572 2387 614 2431 ert
653 2380 699 2430 lib.
710 2395 753 2432 ur.

79 2455 226 2506 Celtiberia
236 2454 368 2520 Hispania
378 2452 553 2518 citeriori-,in
563 2470 614 2519 qua
686 2461 718 2507 2⁰
735 2459 770 2506 Et
787 2459 844 2507 deoc
860 2457 931 2508 Ibero
946 2459 1077 2520 defricatus
1098 2460 1180 2524 urina]

79 2528 185 2580 Bilbilis
196 2536 225 2578 et
235 2528 386 2591 Numantia,
396 2543 521 2594 quumque
533 2529 613 2580 Celti·
654 2531 748 2581 Refert
766 2532 871 2593 Strabo,
891 2533 1024 2598 Hispanos
1039 2534 1105 2584 adeo
1119 2536 1183 2585 viler

56 2653 59 2658 Α
79 2602 138 2653 beri
147 2603 249 2666 populi,
259 2616 293 2652 ex
305 2603 387 2653 Celtic
398 2610 427 2652 et
438 2603 525 2653 Iberia
535 2605 613 2653 miato
654 2621 685 2654 ac
697 2605 815 2655 aordidoo
832 2604 923 2669 titione,
935 2615 964 2656 ut
975 2623 1008 2657 ex
1020 2609 1082 2658 lotio
1094 2608 1137 2657 diu
1146 2609 1183 2658 iu·

76 2679 184 2729 nomine
193 2677 267 2740 dicti,
278 2679 450 2727 iucolnerunt.
476 2677 552 2727 Unde
563 2681 613 2727 Lu·
654 2688 695 2728 ter
705 2681 806 2729 cloacae
825 2680 935 2730 collecto
949 2682 1051 2732 lavacra
1062 2683 1110 2732 albi
1121 2698 1184 2734 cou-

79 2769 139 2805 cen.
157 2756 165 2784 ‘
179 2754 313 2804 Gallorum
326 2755 409 2804 Celtm
420 2753 559 2803 miscentes
569 2767 614 2802 uo·
652 2752 774 2813 ficerent,
784 2759 811 2802 et
828 2766 861 2802 ex
872 2767 904 2802 eo
915 2754 963 2804 ribi
980 2756 1084 2820 aulaque
1097 2757 1181 2806 uxori·

79 2845 142 2880 men
157 2830 259 2880 Iberis!
290 2831 373 2879 Porro
389 2829 530 2879 Celtiberia
541 2829 613 2878 cuni·
652 2828 700 2878 bna
716 2829 813 2877 intritio
832 2832 1009 2894 purgamentis
1021 2831 1115 2884 deuter
1125 2833 1184 2883 aba·

78 2906 146 2957 nulia
164 2913 193 2957 et
212 2906 330 2955 cavernis
350 2905 472 2955 abundat.
507 2905 613 2968 Strabo,
651 2911 795 2968 tergerent.

485 3142 782 3156 m

407 3318 613 3386 CARMEN
637 3321 867 3387 XXXVIII.

471 3489 522 3536 Ab
539 3489 803 3538 CORNIFIGIUM.

170 3622 287 3686 Minu
302 3628 366 3700 ost,
383 3621 552 3700 Cornifici,
566 3627 625 3686 tuo
642 3619 795 3688 Catullo:

115 3788 238 3854 Cornifici,
248 3803 314 3851 egre
328 3794 365 3838 ert
385 3788 478 3838 Coelio
493 3793 543 3851 teo,
558 3803 623 3850 egre
639 3795 675 3839 cat
692 3796 764 3854 certe,
782 3797 806 3842 et
819 3808 921 3858 errrore,
938 3795 978 3858 qai
988 3795 1060 3844 ctiam
1070 3795 1146 3854 ougo
1157 3798 1181 3843 et

582 3934 689 3985 NO'I'AE

119 4050 132 4096 1
152 4045 280 4112 Cornifici]
306 4046 360 4097 Hic
376 4045 529 4096 Coruiticiuo
548 4046 620 4095 forte
654 4049 723 4100 bello
740 4052 843 4102 Siculo:
859 4052 919 4102 hnic
929 4064 1001 4100 soror
1011 4049 1064 4101 fuit
1079 4053 1181 4104 nomine

79 4121 133 4172 fuit
151 4122 341 4174 eruditIorImua
359 4124 403 4173 ille
422 4123 515 4185 Polite,
536 4124 612 4189 cujur
655 4125 802 4191 Cornificio,
823 4127 896 4190 cujur
916 4139 1020 4177 carmen
1041 4142 1133 4193 magno
1154 4129 1182 4180 in

81 4197 192 4264 egregit
202 4212 285 4266 opera
303 4214 363 4252 urur
378 4207 418 4252 eet
437 4198 571 4266 Augustae
588 4202 616 4251 in
654 4203 739 4266 pretio
750 4203 866 4254 lubitum
874 4201 934 4254 fuit.
