2774 4702
184 272 251 337 436
395 284 405 296 ·
528 284 636 334 uonna
660 283 862 334 vantonuu
887 284 927 332 ru

184 433 267 489 tuctu,
295 423 439 490 assequeris
467 431 495 475 ct
524 422 622 475 efficies
643 423 712 490 quod
751 423 863 474 Videtur
871 422 914 473 bic
925 428 1012 473 cutem
1023 422 1131 474 nefarias
1147 422 1280 488 cujusdam

184 503 265 552 voles.
297 500 384 550 Tanta
399 505 442 550 est
458 499 526 549 enirn
544 499 669 564 inquinati
684 505 712 550 et
752 499 919 562 turpitudinis
926 499 1043 549 Vettium
1054 513 1186 562 accusare,
1195 507 1225 549 ut
1235 500 1282 563 qui

184 576 317 628 foedissimi
328 574 379 625 oris
390 576 428 625 tul
438 575 583 638 turpitudo,
598 581 628 625 ut
637 575 713 624 simul
753 590 787 625 na
797 576 877 640 capiti
888 575 991 640 quidem
1002 591 1048 628 suo
1056 591 1166 642 parcere
1178 575 1283 627 didicis-

186 660 264 717 atquc
285 651 356 716 ioqui
373 651 495 715 cruperis,
511 664 558 700 uos
570 665 660 701 omues
671 665 714 700 au·
753 656 803 701 set.
819 650 924 714 Lipsiae.

185 727 289 777 dientes
300 727 454 790 contagione
464 726 558 789 perdas
568 732 597 776 ct
607 724 715 776 inficias.

500 966 503 971 '
550 1023 755 1091 CARMEN
778 1023 921 1090 XCIX.

221 1281 253 1327 1⁰
272 1278 390 1341 Tnuquntn
398 1277 536 1340 conmixta]
552 1276 611 1327 Hoc
621 1290 716 1340 suppo·
756 1277 833 1328 ruodo
845 1277 936 1328 eodem
946 1292 1031 1341 seusu,
1046 1292 1095 1343 qno
1105 1275 1148 1326 bic
1157 1275 1288 1341 occipien-

188 1359 297 1402 suerunt
307 1352 391 1416 inepti
401 1352 515 1402 homines
524 1367 572 1415 pro
581 1350 717 1413 conjuncte.
756 1353 816 1403 dnm
827 1353 914 1404 fuerit.
938 1354 981 1404 Sic
992 1354 1070 1404 etium
1081 1353 1191 1416 simplex
1201 1351 1289 1400 micti-

189 1428 257 1491 quod
266 1429 408 1490 uecipsurn
417 1427 545 1476 sincerum
554 1433 604 1477 est.
621 1427 720 1491 chen-
756 1428 790 1478 lis
807 1430 898 1480 Lucili.
921 1429 966 1479 lib.
985 1442 1033 1478 xx.
1050 1428 1223 1477 ‘Pulmentar
1242 1432 1290 1475 ant

188 1503 250 1552 dum
260 1503 490 1563 euim,couminrtoe.
515 1502 608 1565 Supra,
625 1502 721 1551 ‘Savia
757 1505 863 1567 iniibus,
875 1511 920 1554 aut
931 1504 1035 1569 aliquod
1050 1518 1131 1569 genus
1142 1502 1242 1561 herbae,
1253 1502 1290 1550 Et

187 1577 329 1627 conminxit
345 1591 440 1640 spurca
455 1577 537 1626 saliva
556 1576 617 1627 tua!
654 1578 720 1628 Quae
753 1579 796 1644 jus
808 1593 941 1629 manarunt
952 1578 1127 1638 beuehabet3
1142 1576 1188 1625 sed
1201 1576 1290 1625 micti-

188 1656 224 1706 ait
241 1655 284 1705 bic
295 1657 350 1718 lupa
365 1654 445 1704 docet
462 1655 549 1704 Livius
561 1655 593 1704 de
603 1656 719 1705 Faustuli
759 1654 790 1703 lis
811 1655 860 1704 boc
879 1661 921 1704 cst
942 1652 1039 1702 Merx!
1072 1650 1291 1714 Corruptissimus

188 1745 268 1781 uxore
279 1729 351 1780 Acca
364 1729 488 1780 Larentia
502 1731 619 1794 loquens.
647 1731 721 1780 Com·
758 1730 802 1779 ille
814 1730 885 1780 locus
894 1728 969 1778 hodie
980 1727 1067 1777 editur
1080 1727 1150 1789 apud
1162 1726 1289 1776 Nonium.

189 1806 305 1868 mingere
314 1804 401 1855 notius
415 1810 466 1866 est,
478 1815 553 1868 quarn
565 1811 595 1854 ut
606 1805 721 1868 explica·
759 1805 836 1854 Hunc
862 1818 951 1854 uerum
985 1803 1122 1853 lectionem
1156 1807 1291 1866 putamus,

189 1879 261 1929 tione
272 1877 395 1940 indigenti
419 1877 486 1927 inde
497 1879 667 1942 comminutis,
676 1878 722 1927 sed
759 1879 865 1944 quanvis
886 1878 954 1942 apud
973 1879 1096 1928 Plautum
1111 1878 1138 1927 iu
1151 1879 1292 1928 Mostella-

189 1954 240 2004 alia
248 1953 362 2003 notione.
378 1952 538 2016 Pomponius
547 1952 721 2002 Atellanarius
759 1955 798 2004 rla
808 1969 840 2005 eo
851 1955 927 2005 modo
937 1953 1035 2004 dictum
1047 1954 1099 2003 sit‘
1113 1955 1197 2005 (lanes
1208 1968 1291 2016 capro

191 2041 310 2092 prucone
331 2027 485 2089 posteriore,
503 2028 550 2076 ‘si
566 2028 644 2078 sciam
660 2027 721 2090 quid
759 2027 1117 2093 commixtaez’.qnomodobic
1127 2033 1291 2078 correctores

189 2103 255 2154 velis
264 2101 335 2165 quasi
351 2101 419 2150 servi
430 2100 523 2150 comici
534 2102 695 2152 commictilis
704 2101 721 2162 ;'
758 2104 850 2167 legunt
865 2105 998 2154 conuictu
1013 2104 1090 2167 lupae5
1106 2102 1174 2168 quod
1187 2104 1293 2166 procul·

189 2179 239 2227 boc
250 2185 291 2226 cst
302 2176 515 2240 contemptibilis.
552 2177 640 2229 Quare
651 2177 720 2240 apud
759 2178 838 2229 dubio
845 2178 1029 2241 interpolatum
1037 2192 1070 2228 ex
1081 2178 1214 2229 Plautino.
1227 2179 1292 2230 Seni.

190 2255 314 2316 Nonium,
324 2261 331 2282 ‘
340 2254 674 2318 commictills,compositi‚’
686 2256 722 2305 le·
793 2259 824 2304 lo
837 2254 1035 2322 Nanquumjnus]
1046 2256 1104 2304 dum
1115 2254 1189 2303 abest
1197 2269 1214 2304 u
1226 2251 1292 2318 pris·

191 2330 313 2396 gendum,
331 2332 523 2395 ‘commictilis,
537 2332 721 2384 contemtitiiz’
759 2331 797 2381 cis
814 2330 896 2380 libris.
917 2330 1002 2389 Dele;
1020 2329 1066 2379 sed
1086 2330 1154 2393 lege,
1175 2330 1232 2379 Nou
1249 2330 1292 2379 uti·

153 2428 155 2433 ⁴
190 2408 239 2457 nisi
250 2408 294 2457 cui
304 2408 385 2470 magis
396 2407 521 2470 probetur
541 2407 723 2471 ‘condepaitil
759 2406 942 2470 quorupostltnc.
969 2404 1052 2455 Idem.

190 2483 312 2546 Depsere
330 2483 489 2544 obscoeuum‚
500 2489 531 2533 ut
544 2496 631 2548 supra.
663 2483 722 2533 Hoc

602 2778 808 2851 CARMEN
840 2779 879 2846 Ο.

224 2975 377 3038 dPerspecto
384 2975 504 3038 eaigitur]
512 2975 656 3040 Scriptura,
664 2978 724 3027 Per·
762 2992 839 3042 quarn
849 2977 940 3028 nolunt
953 2976 1078 3040 positione
1096 2977 1216 3041 sequenti
1234 2992 1295 3042 pro-

187 3049 263 3110 fectu.
292 3044 377 3114 Magis
392 3053 481 3114 placet
498 3053 632 3115 Perspecto·
656 3054 722 3105 Quae
762 3053 831 3104 duci.
862 3052 918 3104 Alii
937 3068 999 3104 vero
1021 3053 1294 3118 magistelliseiotypi

193 3126 298 3178 tralatio
309 3134 349 3176 est
364 3142 381 3176 a
398 3127 594 3191 probationibus
605 3143 722 3192 operum,
763 3130 854 3180 dicunt
865 3129 984 3194 palamin
992 3129 1045 3179 suis
1055 3131 1182 3193 suggestis
1191 3138 1295 3180 veteres

193 3216 250 3265 quu
269 3204 417 3267 spectioues
429 3203 553 3253 dicuntur
567 3219 583 3252 a
598 3203 682 3253 Gellio
695 3210 723 3253 et
762 3220 865 3269 quoque
878 3210 1015 3268 expectata
1027 3219 1074 3267 pto
1084 3212 1205 3268 spectata
1215 3205 1296 3254 dixis-

194 3278 259 3326 uliis.
272 3279 314 3327 vel
335 3277 369 3326 ub
389 3292 461 3328 auro.
483 3292 541 3326 nam
561 3285 722 3343 spectatores
763 3296 807 3334 se:
819 3282 881 3347 quid
892 3288 947 3331 tum
958 3283 1066 3344 postca?
1082 3281 1225 3333 ostendant
1235 3283 1297 3338 mibi

194 3353 249 3402 auri
258 3361 318 3402 sunt
329 3352 559 3416 xpocolisouumul:
571 3354 640 3403 unde
650 3369 723 3419 spec·
763 3364 930 3419 expectatum
947 3356 1016 3419 apud
1026 3356 1165 3419 Virgilium
1178 3372 1236 3407 ease
1249 3374 1297 3421 pro

193 3435 250 3477 tuta
270 3429 390 3478 amicitia.
417 3427 485 3479 Sane
501 3427 593 3491 Virgil.
611 3429 724 3491 scripsit,
764 3439 918 3496 spectatum.
946 3431 1058 3495 alioquin
1082 3431 1176 3481 scimus
1206 3448 1297 3483 rerum

193 3502 312 3550 ‘Venisti
321 3502 436 3563 tandem,
446 3510 668 3566 tuaqnespectata
679 3517 724 3565 pa·
763 3521 822 3556 esse
834 3521 865 3556 eo
875 3520 976 3571 quoque
984 3505 1060 3556 modo
1069 3521 1144 3570 posse
1156 3507 1220 3559 dici.
1243 3510 1298 3558 Sed

194 3579 261 3627 renti
272 3577 344 3627 Vicit
355 3579 405 3627 iter
415 3577 507 3627 durum
519 3577 621 3642 pietas!
644 3579 723 3629 Ouid.
764 3581 825 3645 quid
834 3580 952 3631 facerent
962 3581 1097 3645 paedsgogi
1108 3582 1130 3631 si
1144 3584 1207 3633 nihil
1217 3584 1296 3635 babe-

193 3656 202 3684 ‘
215 3653 284 3727 Hinc
297 3662 368 3702 satus
385 3653 489 3716 AEneas,
506 3655 589 3717 pietus
605 3661 725 3718 spectatu
765 3663 831 3719 rent,
841 3657 909 3720 qnod
919 3657 1062 3707 latrarent?
1073 3657 1298 3710 Putidissimacu-

195 3743 243 3793 per
261 3728 350 3792 ignes?
385 3729 528 3792 Magistelli
547 3730 642 3795 spinosi
662 3730 726 3779 ‘ert-
766 3732 829 3795 pita.
849 3731 912 3782 Scul.
951 3786 952 3791 ,

196 3804 313 3866 poetata'
334 3804 437 3868 legunt:
462 3812 570 3867 propter
591 3804 725 3868 syllabam,
