2774 4702
534 284 688 351 cannen
714 305 848 354 cxxiv.

466 567 669 635 GARMEN
694 572 871 640 LXXIV.

550 721 588 767 m
608 721 792 772 canorum.

162 851 336 918 Gentius
349 854 509 933 audierat,
525 861 678 938 patruum
690 860 862 942 objurgare
876 859 993 935 solere,

206 953 243 1016 Si
258 954 333 1036 quis
347 952 487 1019 delicias
502 956 638 1034 diceret,
654 964 712 1022 aut
724 958 858 1023 faceret.

162 1053 241 1116 Hoc
255 1072 298 1116 ne
309 1055 377 1135 ipsi
391 1054 566 1132 accideret,
583 1057 697 1137 patrui
710 1058 908 1140 perdepsuit
922 1059 1037 1142 ipsam

205 1153 366 1232 Uxorem,
382 1161 415 1219 et
427 1163 581 1239 patruum
595 1158 741 1223 reddidit
757 1159 1013 1243 Harpocratem.

161 1252 263 1331 Quod
277 1255 395 1331 voluit,
409 1256 507 1322 fecit:
530 1277 619 1335 nam,
635 1261 789 1342 quemvis
803 1261 939 1325 irrumet
952 1263 1063 1344 ipsum
1191 1264 1214 1326 5

202 1355 237 1418 N
239 1375 304 1419 unc
319 1362 486 1437 patruum,
499 1359 637 1424 verbum
650 1379 720 1423 non
736 1359 838 1425 faciet
851 1368 1000 1443 patruus.

148 1501 275 1551 Didicerat
296 1503 389 1552 Gellia·
402 1507 514 1566 patruum
533 1517 606 1567 annm
626 1504 769 1556 mmmieee
786 1505 908 1570 increpare
918 1520 1089 1570 quemmmqrre,
1104 1506 1214 1570 riteque·

113 1571 182 1615 retur
191 1565 332 1626 arefaceret
342 1567 447 1618 deliciae.
480 1567 495 1595 '¹
528 1568 543 1596 ⁴¹
575 1567 591 1596 *

575 1676 754 1699 We

146 1778 161 1822 3
177 1774 210 1822 In
232 1773 308 1824 codd.
329 1752 357 1824 et
375 1774 435 1826 edd.
449 1781 515 1826 vett.
530 1777 683 1840 partepart:
699 1777 801 1828 cuidem
820 1779 852 1828 V.
868 1779 904 1829 D.
923 1778 994 1842 cnjna
1010 1777 1126 1826 meminit
1144 1777 1212 1831 stat.

113 1837 225 1886 debetur
243 1838 324 1914 lectio
344 1845 443 1915 nostre,
461 1853 513 1888 non
533 1846 619 1915 antem
636 1840 778 1904 scaligero,
795 1842 839 1906 qni
855 1854 955 1891 omnem
973 1840 1030 1916 ejua
1045 1840 1147 1890 landem
1163 1840 1212 1892 eibi

111 1907 232 2014 gaggam
250 1903 334 1952 errn.
352 1917 418 1966 conj.
435 1904 615 1967 penderat-6
628 1905 706 1954 ranae
726 1919 759 1955 ex
779 1921 830 1956 uno
849 1905 906 1956 cod.
922 1907 1032 1970 protulit
1047 1910 1075 1954 et
1091 1902 1213 1993 probavit¹

605 2080 715 2132 'Nom

146 2195 159 2240 1
174 2191 266 2241 Gelliue
272 2192 393 2255 audierat]
404 2193 517 2243 Gellium
529 2192 642 2244 infandae
683 2197 761 2246 lutari
771 2197 900 2247 silentium
908 2195 1041 2245 indicebat
1050 2195 1076 2243 in
1085 2195 1212 2244 comitatu

111 2266 227 2317 libidinis
244 2273 401 2331 patratorem
412 2269 564 2319 insectetur.
596 2271 643 2321 Est
682 2272 860 2336 Inidie,‘qnie
871 2272 984 2334 capitale
996 2269 1071 2333 eret,'
1088 2276 1118 2318 nt
1126 2270 1211 2334 inquit

111 2346 199 2392 autem
218 2343 263 2392 ille
284 2343 385 2394 Gellius
406 2345 482 2394 homo
502 2345 643 2409 impurirri-
682 2347 780 2395 Beatus
792 2346 952 2410 Augustinus
961 2346 1007 2395 lib.
1017 2358 1076 2394 ιη.
1088 2346 1122 2395 de
1134 2340 1213 2396 cirin

108 2432 176 2480 mne,
185 2432 262 2482 qoem
272 2419 366 2469 Cicero
380 2419 508 2470 Oratione
519 2435 567 2486 pro
577 2422 642 2471 Sex·
682 2419 746 2482 Dei,
761 2420 869 2470 ‘dicere
886 2420 949 2470 Irim
965 2426 993 2470 et
1002 2421 1120 2484 Serapim
1130 2420 1211 2471 honri·

110 2491 641 2560 tiotamrelrementerexagitat‚etqnem
681 2509 727 2544 nes
746 2493 842 2544 fniree:
869 2494 938 2543 unde
954 2496 1028 2543 Deua
1047 2494 1145 2542 silentii
1165 2509 1211 2558 ap·

110 2565 239 2617 Oratione
250 2567 277 2616 in
287 2568 421 2619 Vatinium
437 2570 446 2598 ‘
460 2569 641 2620 seditiosorum
681 2571 803 2633 pellatur,
820 2569 889 2634 quod
907 2568 940 2618 ab
957 2568 1088 2633 AEgyptiis
1100 2561 1211 2620 colitur?

108 2643 240 2697 hominnm
250 2646 422 2695 nutriculam’
437 2653 521 2697 vocat.
680 2647 724 2695 De
742 2660 793 2711 qno
809 2644 891 2695 funins
909 2645 982 2694 Plnt.
998 2644 1025 2693 in
1042 2644 1159 2695 oratione
1176 2645 1210 2695 da

140 2722 159 2767 a
173 2717 265 2783 Signi
271 2720 369 2770 deliria
379 2721 481 2783 diceet]
505 2722 640 2771 ‘Belleia
680 2720 812 2784 Serapidis
826 2719 950 2781 Nomine,
968 2719 1001 2768 de
1019 2733 1069 2784 qno
1086 2726 1114 2768 et
1131 2720 1211 2771 ovid.

107 2793 212 2844 facere'
230 2797 353 2846 Iamblno
364 2796 434 2846 idem
451 2803 492 2847 est
507 2812 538 2847 ac
555 2797 640 2847 ‘deli
680 2797 747 2846 Met
758 2808 800 2846 ιι.
820 2795 864 2846 nbi
886 2796 919 2845 de
937 2794 1014 2844 laidis
1030 2796 1155 2845 comitatu
1173 2795 1210 2844 lo·

108 2875 168 2919 cate
174 2869 259 2932 jocari
270 2871 285 2917 ι’
308 2879 335 2921 at
348 2873 466 2922 Muretus
478 2879 562 2937 putat,
578 2873 640 2923 ‘de·
681 2870 769 2935 quitur
783 2870 943 2921 intellexisse
959 2871 1071 2935 videtur,
1085 2869 1210 2937 ‘Quique

109 2944 183 2995 licias
205 2944 309 3008 facere,'
332 2946 460 2996 interdum
482 2962 540 2997 erae
563 2949 640 2999 ιἰπί-
681 2945 775 3009 premit
786 2959 876 2996 vocem
893 2946 1027 3010 digitoque
1040 2946 1142 2996 silentia
1153 2962 1210 2997 ene·

110 3019 191 3081 dere,'
207 3026 237 3069 nt
248 3020 317 3085 epod
334 3022 457 3071 Plautum
469 3023 495 3071 in
506 3025 640 3074 Menrech·
681 3019 741 3069 det!
787 3020 866 3070 Hunc
886 3021 1018 3084 Capitolio
1041 3022 1208 3085 prohibitum,

107 3097 165 3145 mis,
197 3096 333 3146 Interdum
350 3097 419 3148 idem
437 3104 479 3148 eat
496 3100 565 3164 quod
580 3103 588 3130 ¹
601 3099 639 3150 fa.
680 3095 797 3144 meminit
806 3096 976 3146 Tertullianus
990 3096 1017 3144 in
1027 3095 1208 3159 Apolngetico.

108 3184 168 3220 cere
176 3170 305 3235 nequem,’
315 3171 334 3222 i.
345 3185 371 3221 e.
382 3172 517 3236 indulgere
529 3173 638 3236 libidini,
711 3174 726 3216 5
746 3169 816 3224 (Μ
826 3169 907 3231 minii,
916 3168 992 3229 fetu]
1007 3169 1040 3216 11¹
1051 3175 1101 3232 ⁸⁸2,
1111 3171 1171 3220 Μ’
1181 3174 1208 3220 in

106 3255 159 3310 qno
170 3259 248 3295 renen
260 3247 302 3297 hic
314 3247 422 3296 rumitnr
433 3262 449 3295 a
460 3247 572 3296 Catullo.
681 3241 757 3291 domo
767 3242 855 3304 patrui
865 3243 952 3291 omnia
960 3256 1128 3306 quacumque
1140 3247 1210 3295 vole·

139 3323 271 3373 tHoene
286 3323 334 3386 ἱροί
342 3323 469 3386 maderet]
500 3323 639 3386 Neobjnr·
680 3318 867 3383 retractabat:
883 3321 1208 3385 quaeidicaa,snblrecai··

107 3404 349 3462 garetnrapatrno.
369 3411 371 3416 ’
679 3393 819 3444 mutatione
829 3394 920 3444 habuit
936 3409 990 3444 rem
1001 3408 1059 3444 curn
1070 3409 1152 3446 uxore
1164 3413 1209 3463 pa·
1285 3424 1287 3430 =

137 3474 229 3522 Petrei
248 3472 396 3538 perdepreit]
431 3474 496 3522 Eam
516 3472 637 3523 nimirum
678 3469 740 3532 trni,
749 3474 777 3518 et
785 3469 830 3518 ille
841 3469 955 3520 tacebat.

105 3548 297 3612 rnbegitando=
329 3549 492 3615 ‘perdepao'
526 3564 637 3614 nemque
709 3546 784 3608 Nam,
805 3546 910 3609 quamvis
926 3547 1027 3597 mmet
1044 3547 1131 3611 mm]
1164 3549 1207 3598 Iri·

106 3624 449 3676 verbnmlnobrcoenieeat.
481 3624 637 3688 Aliilegnnt
677 3622 939 3686 cetetiempatrnnm
958 3623 1041 3687 ipsum
1060 3623 1207 3686 irrumaret,

102 3697 277 3760 perceperim.
293 3713 317 3747 e.
336 3698 462 3762 neglexit,
480 3701 635 3762 contemsit;
676 3705 764 3746 temen
773 3697 856 3746 illene
864 3698 972 3748 verbnm
979 3698 1083 3763 quidem
1090 3698 1206 3748 diceret:

106 3772 153 3822 red
164 3773 241 3823 mele.
674 3775 717 3823 vel
728 3775 763 3824 eit
772 3787 870 3838 aeneus,
887 3776 1011 3827 Quamvis
1023 3776 1070 3824 hoc
1089 3781 1205 3837 tempore

136 3847 217 3910 Ipeom
227 3847 344 3910 Haerere]
355 3849 439 3900 Quam
448 3847 639 3911 comprimebat
674 3848 753 3897 etiem
765 3854 886 3911 patruum
897 3848 981 3912 iprum
992 3849 1108 3911 irrumet,
1117 3855 1205 3898 temen

17 3987 20 3992 Ι
104 3919 215 3971 scilicet.
673 3923 716 3973 ille
730 3937 765 3972 ne
775 3924 884 3974 verbum
902 3923 1006 3988 quidem
1023 3920 1102 3980 fecit3
1122 3929 1150 3971 et
1167 3921 1206 3971 ric

133 3995 633 4060 tlitpntreamreddiditliarpocratem]
673 3999 724 4048 erit
743 3997 860 4062 ‘faciet'
880 4005 981 4060 tempus
1004 4009 1052 4058 pro
1071 4002 1203 4061 tempore:

102 4070 179 4120 Fecit
189 4071 275 4135 ipsum
295 4078 400 4121 tacere:
425 4070 477 4121 fnit
488 4071 556 4120 enim
565 4073 634 4122 Har·
673 4073 723 4122 niti
738 4075 873 4139 legerimus
888 4072 982 4143 eertum
992 4070 1107 4131 confecit
1121 4077 1146 4124 et
1159 4088 1203 4136 pn·

102 4150 223 4208 pocreter
240 4146 279 4197 vir
287 4147 431 4214 Egyptian,
443 4146 486 4212 qni
498 4146 580 4211 digito
594 4161 634 4197 aa·
673 4153 749 4198 tmur.
