2774 4702
587 328 794 378 rnsrsrro.
1217 312 1239 376 9

135 472 300 539 librorum
315 470 397 536 mihi
410 470 545 555 quidem
565 492 632 537 non
653 474 735 539 lieet
755 492 832 537 esse
845 476 913 537 tam
928 468 1054 537 diserto
1068 474 1122 550 (ut
1136 470 1240 535 verba

135 570 296 657 mutem),
310 592 374 638 nco
390 572 422 637 si
435 574 548 652 liceat,
569 572 672 639 libet’
715 575 875 651 Causam,
895 579 1100 658 quapropter
1115 571 1239 637 Mureti

135 675 264 741 mentio
284 693 452 757 nusquam
473 676 517 739 ab
539 694 580 739 oo
603 675 696 740 facta
716 682 782 754 est,
805 675 960 759 equidem
981 694 1049 738 non
1068 673 1240 753 intellexi3

137 774 290 841 Palladii
304 793 439 859 quoque
453 777 723 841 commentarium
745 795 812 841 non
826 776 957 842 videtur
977 776 1014 840 in
1036 776 1135 841 Statii
1155 774 1240 839 uoti·
1326 848 1329 853 ,

138 877 225 941 tiam
239 876 384 941 venisse.
427 874 451 939 J
453 895 508 939 am
529 895 611 940 vero
631 876 741 941 lucem
761 878 913 943 obortam
927 877 986 942 alii
1001 877 1147 942 tenebris
1167 876 1239 941 suis

137 977 319 1043 obscurare
342 981 525 1060 coepernnt
569 977 762 1042 saumana
784 979 882 1056 enirn,
897 978 969 1062 qni,
990 978 1058 1041 nisi
1078 978 1177 1042 nimis
1189 977 1240 1041 in·

137 1078 239 1161 genio
253 1096 318 1143 sno
334 1077 539 1155 indulsisset,
560 1097 622 1162 pro
635 1078 737 1163 hujus
751 1080 957 1163 praestantia,
968 1079 1150 1163 plurimum
1161 1097 1240 1161 pro·

136 1178 240 1249 ficem
254 1180 435 1262 potuisset,
449 1178 578 1244 invidia
598 1180 766 1257 incensus,
787 1180 911 1259 omnia,
928 1201 1005 1264 quae
1021 1181 1172 1245 Muretus
1185 1178 1240 1245 vel

137 1278 271 1347 codicis
285 1278 406 1362 optimi
428 1278 569 1357 auxilio,
584 1279 639 1343 vel
654 1297 716 1344 soo
738 1299 785 1345 ex
805 1282 936 1363 ingenio
957 1282 1193 1347 emendaverat
1204 1284 1241 1347 at

136 1380 375 1459 illustraverat,
390 1379 523 1445 omnino
545 1380 750 1463 repudiarit,
773 1401 840 1446 una
864 1402 940 1447 cnm
954 1382 1059 1447 Statii
1073 1402 1240 1448 commen·

138 1482 226 1547 tario
251 1480 464 1567 (quanquam
493 1483 665 1566 utriusque
693 1482 798 1546 libros
827 1490 904 1549 ante
932 1484 1051 1550 oculos
1082 1484 1242 1549 babuisse

137 1582 291 1664 videtur;
312 1582 392 1647 vide
408 1602 484 1648 eum
498 1583 543 1647 ad
556 1583 666 1647 Canu.
682 1581 911 1669 nxv111.6.);
932 1585 1035 1650 immo
1048 1584 1083 1649 in
1096 1584 1241 1650 lectione

137 1681 273 1751 Aldinae
284 1683 452 1750 servanda
464 1685 652 1769 saepissime
675 1686 856 1770 acquievit,
870 1691 905 1751 et
918 1692 1042 1770 praeter
1055 1704 1118 1751 eos
1131 1686 1239 1762 locos,

137 1784 316 1869 inquibus
331 1785 483 1851 codicem
499 1785 634 1871 Cujacii
654 1789 869 1870 sequebatur,
894 1787 1037 1853 Potum
1050 1788 1148 1853 novis
1169 1806 1241 1851 sor-

138 1885 242 1951 dibus
265 1887 514 1970 conspurcavit
559 1887 621 1951 llle
642 1907 708 1951 non
729 1887 804 1966 fuit,
818 1889 876 1971 qui
900 1887 1066 1954 Catullum
1089 1887 1240 1972 lepidum

138 2007 181 2051 ac
203 1993 381 2053 venustum
397 1987 541 2053 Potitum
556 1990 762 2069 emendaret3
785 2008 807 2052 a
826 1990 987 2071 gravitate
1000 1994 1034 2054 et
1047 1991 1241 2054 morositate

137 2088 214 2171 ejus
229 2088 329 2171 lepor
350 2096 386 2153 et
408 2090 606 2173 simplicitas
622 2089 744 2155 Catulli
758 2091 856 2174 plane
871 2093 1119 2155 abhorruerunt.
1164 2089 1239 2154 Neu

138 2208 225 2271 opus
247 2195 301 2255 est
322 2192 486 2275 exemplis
508 2192 711 2271 confirmem,
727 2212 827 2277 quam
849 2193 989 2257 insulsae
1004 2193 1069 2257 sint
1087 2192 1240 2274 plurimrs

139 2290 305 2373 Scaligeri
327 2295 559 2370 correctiones,
575 2314 677 2377 quam
698 2296 785 2360 male
810 2297 964 2361 abutatur
986 2294 1144 2358 docminae
1166 2309 1241 2357 suaa

139 2394 254 2474 copia,
284 2399 316 2458 et
341 2414 443 2477 quam
468 2396 581 2478 inepte
605 2395 735 2460 codicis
758 2396 844 2461 vitia
866 2415 960 2478 saepe
981 2393 1148 2459 defendat.
1192 2390 1241 2459 At

137 2493 275 2559 meliora
302 2489 369 2560 non
396 2496 496 2560 facile
523 2498 636 2580 potuit
658 2497 740 2562 dare
763 2518 825 2581 pro
852 2498 964 2580 spatio
990 2493 1159 2577 temporis,
1173 2512 1241 2576 quo

138 2584 418 2661 commentarium
429 2619 523 2663 sunm
537 2600 746 2682 conscripsit.
789 2599 880 2664 Nam
892 2600 1000 2662 Deum
1010 2595 1241 2659 testemadvo-

138 2714 222 2759 cans
244 2695 398 2773 affirmat,
419 2718 461 2760 ne
483 2701 644 2779 integrum
659 2701 797 2783 quidem
819 2717 966 2762 mensem
987 2695 1091 2758 tribus
1113 2692 1239 2771 Poetis,

139 2793 287 2872 Catullo,
302 2794 449 2874 Tibullo,
465 2804 502 2861 et
527 2797 716 2881 PropertIo,
742 2796 953 2861 recensendis
973 2815 1011 2859 se
1025 2794 1240 2878 impendisse·

139 2894 309 2978 Equidem
336 2916 403 2961 non
430 2900 634 2979 negaverim,
662 2918 684 2963 a
710 2898 882 2981 Scaligero
906 2896 1035 2961 codicis
1062 2897 1240 2961 lectionem

140 3015 232 3079 saepe
260 3003 454 3061 revocatam
478 3018 575 3079 esse;
607 2999 680 3075 sed,
704 3018 781 3083 quae
806 2999 863 3063 ille
888 2997 1092 3062 emendando
1107 2995 1241 3063 Catullo

139 3095 293 3177 perfecit,
319 3097 406 3161 alius
433 3098 588 3181 quisque,
614 3105 706 3183 puto,
729 3119 838 3183 neque
859 3098 986 3164 auxilio
1004 3097 1163 3162 codicum
1176 3116 1239 3163 nec

141 3214 226 3260 sano
237 3195 383 3280 judicio,
399 3218 465 3281 qno
480 3199 754 3283 interpolatorum
775 3219 873 3283 nugae
889 3198 1049 3281 dissipari
1062 3196 1240 3276 debebant,

142 3315 281 3378 prorsus
308 3299 499 3377 destitutus,
522 3299 732 3383 perfecisset.
776 3299 1024 3364 Recensionem
1038 3302 1159 3375 autem,
1173 3300 1241 3363 fes·

141 3398 251 3463 tinata
278 3417 382 3482 opera
404 3400 566 3483 Scaligeri
589 3400 714 3466 factam
728 3405 762 3466 et
784 3419 830 3464 ex
843 3398 973 3465 vitiosis
985 3417 1027 3461 ao
1042 3399 1241 3481 importunis

140 3499 345 3591 lectionibus
359 3497 494 3566 Aldinae
509 3502 627 3585 primae
642 3502 834 3579 collectam,
842 3498 990 3584 plerique
1004 3501 1241 3583 praestantissi-

142 3620 234 3665 mam
259 3606 429 3684 putaront,
452 3609 486 3668 et
505 3603 542 3667 in
561 3622 643 3669 suas
666 3604 826 3668 editiones
850 3602 998 3684 recipere
1024 3600 1116 3665 nullo
1136 3608 1241 3684 pacto

142 3701 354 3783 dubitarunt;
385 3723 451 3786 qno
475 3704 601 3770 factum
625 3708 687 3783 est,
708 3708 749 3769 ut
769 3703 813 3767 ad
828 3708 940 3767 nostra
959 3720 1067 3784 usque
1088 3708 1242 3784 tempora

142 3807 255 3869 textus
269 3803 457 3887 perveniret
468 3804 780 3887 interpolationibus
790 3804 941 3889 cujusvis
951 3805 1081 3886 generis
1089 3802 1241 3880 refertus,

143 3903 407 3969 correctionibus
433 3905 559 3991 ineptis
588 3906 846 3983 contaminatus,
873 3922 936 3969 nec
963 3903 1058 3967 firmo
1085 3907 1242 3984 oertoqne

140 4004 362 4071 imdamento
382 4005 495 4073 nixus.
539 4004 616 4073 Nec
637 4007 781 4073 aliorum
802 4005 920 4071 studiis
947 4002 1117 4080 Catullus,
1141 4021 1241 4087 quem

143 4106 300 4193 Scaliger.
323 4107 424 4174 nimis
453 4107 613 4177 audacter
642 4108 821 4197 oppressit,
851 4110 979 4173 erectus
999 4123 1041 4170 ac
1070 4104 1243 4171 restitutum
