2774 4702
334 339 365 386 c.
389 337 547 389 vassen
571 338 736 389 carosus
760 338 914 390 caunos
941 338 1053 389 xxvs.
1170 323 1238 392 ooo

139 482 168 528 to
178 478 228 528 hoc
244 489 296 528 non
308 479 364 529 rntt
375 479 503 542 Catullus,
514 492 599 545 neque
613 482 670 532 hmo
708 478 786 529 immo
797 478 847 529 hoc
859 492 938 542 mnus
948 478 1054 542 optimis
1070 478 1239 542 scriptoribus

137 560 180 602 est
197 553 281 616 proba
297 554 394 604 lectio:
411 570 490 620 quum
509 555 548 604 ita
557 555 672 606 scriben·
709 559 861 618 usnrpstum
872 552 906 601 ad
916 553 1029 602 Statium
1042 553 1069 602 in
1080 553 1201 604 Diatribe
1212 561 1240 604 et

136 627 306 678 demiserit:
322 631 431 694 meisque
439 632 579 682 mollicellas.
603 631 671 682 Hrec
710 629 818 679 elencho
829 627 1069 679 demonstravimus.
1087 629 1191 678 Grosoo.

137 704 209 753 enim
219 711 294 754 recte
305 705 463 754 conveniunt
473 720 531 755 cnm
542 706 671 756 latuscnlo
744 703 933 767 cmmibilissl]
948 703 1032 751 Varro
1041 702 1161 752 columna
1172 703 1241 754 Her·

136 780 225 843 laneo,
240 784 270 829 ut
292 779 349 842 ipse
367 780 488 844 loquitur.
522 779 591 831 Quis
609 780 672 830 nudi
711 777 928 844 culinuspllltm.
942 778 1240 844 ‘Itaqnerssincsram

137 870 192 906 non
202 869 302 918 manus,
313 855 359 905 sed
370 856 416 906 ilia
426 864 454 906 et
465 861 540 907 nates
553 857 620 907 cardi
631 871 671 907 so·
711 854 914 906 conscribillsvlt
924 853 1045 906 Herculis
1056 856 1181 906 athletos!
1216 857 1241 905 1-

92 968 97 975 .
136 931 205 980 ient.
222 931 285 981 Sosi.
710 929 770 979 dern
782 929 940 993 Mercipore,
955 929 1104 994 ‘Astrologi
1119 939 1242 982 nonrnnt

173 1009 205 1054 11
215 1006 301 1055 issula
310 1004 443 1069 turpiterJ‘
450 1006 559 1056 Inurere
569 1006 670 1058 notam’
710 1004 754 1068 qni
780 1004 1007 1055 conscribiltarunt
1035 1006 1170 1070 pingentes
1193 1020 1243 1056 ete·

138 1086 215 1131 recta
236 1081 365 1130 Latinitas
387 1081 504 1144 patitur:
529 1082 671 1133 concedam
710 1078 782 1129 lum.’
814 1078 866 1128 Sed
878 1078 981 1128 laborat
996 1079 1098 1142 syllaba
1117 1085 1242 1143 antepen-

138 1156 219 1205 etiam
239 1155 365 1206 ‘inurere
387 1156 508 1219 ptsgsm:
530 1162 559 1207 el
574 1159 672 1206 ‘urere
709 1153 810 1215 ultima,
821 1153 941 1217 inquiunt
957 1153 1061 1219 quidam
1079 1154 1162 1217 docti,
1172 1155 1242 1219 quod

138 1229 253 1294 usgrof
268 1237 298 1280 at
316 1231 438 1280 ‘inurere
454 1230 549 1295 flagra'
566 1247 599 1283 ne
614 1233 671 1283 inti-
710 1229 746 1279 sit
758 1230 844 1294 longa.
876 1229 971 1294 Itaque
991 1229 1053 1290 vidi,
1071 1231 1115 1294 qni
1126 1229 1243 1293 legerent

137 1322 190 1357 mss
201 1307 306 1372 quidem
318 1307 458 1359 vetustatis
473 1309 615 1372 scriptores
626 1324 671 1359 uo·
710 1305 879 1368 ooscrtlrillesl,
900 1319 916 1354 a
932 1303 1050 1355 cribello.
1082 1305 1134 1355 Sed
1152 1304 1244 1354 salinu-

138 1396 217 1446 qnam
227 1382 359 1433 dixerunt.
385 1383 435 1433 Sed
444 1384 501 1434 haec
511 1392 552 1435 est
562 1385 672 1435 andacia
711 1387 763 1431 tur.
795 1380 901 1444 Syllaba
911 1380 979 1430 enim
990 1380 1138 1442 corripitur.
1157 1380 1222 1429 Scal.

138 1459 295 1522 Hieronymi
314 1459 431 1521 Arantii,
441 1460 485 1525 qni
501 1460 541 1510 ita
557 1461 621 1525 legit
638 1474 671 1510 ex
745 1454 936 1518 Cmm’ffllelll
960 1453 1015 1504 Alii
1035 1455 1197 1516 Miletum?
1213 1462 1243 1505 nt

138 1532 227 1596 prisca
238 1534 360 1596 lectione,
372 1536 462 1584 lasela.
496 1536 551 1598 Ego
559 1543 623 1599 puto
633 1536 672 1586 in·
711 1531 812 1582 Seneca
823 1531 907 1596 Epist.
917 1535 956 1580 ll.
969 1532 1053 1594 princ.
1065 1532 1072 1559 ‘
1083 1531 1143 1580 Non
1154 1538 1244 1594 potest

139 1620 243 1656 sessum
256 1621 313 1670 pro,
325 1608 415 1658 lslaso.
448 1609 565 1659 Catullus
572 1610 674 1660 minita-
712 1607 822 1658 Athletas
832 1621 938 1671 magnos
949 1607 1056 1670 spiritus
1066 1607 1098 1655 ad
1110 1615 1242 1658 certamen

138 1685 252 1730 luserat
267 1695 348 1744 puero
358 1680 443 1746 flagra
452 1697 510 1748 qum
522 1683 566 1732 ilie
583 1684 673 1735 irride·
712 1682 827 1740 adferre,
842 1684 886 1748 qni
897 1697 1025 1747 nunquam
1042 1682 1168 1746 sigillatus
1183 1685 1243 1734 est!

139 1755 202 1804 bat:
226 1762 366 1820 propterea
388 1763 465 1808 vocat
483 1755 565 1821 flagra
589 1757 674 1826 illusa,
712 1761 742 1810 1².
753 1760 940 1822 mastrigillrst5
956 1758 1041 1822 idest,
1050 1764 1167 1822 exerent,
1175 1773 1243 1809 com·

140 1829 410 1891 trecassinorum
421 1833 475 1882 illo.
493 1834 568 1883 Idem.
712 1840 838 1900 pungant.
855 1833 935 1883 Heia.

173 1905 259 1954 lusto
269 1905 382 1969 turpiter]
392 1907 524 1971 Scaliger:
534 1909 672 1959 “inurere
746 1915 776 1959 li
793 1911 885 1972 Magno
899 1908 972 1970 maro]
997 1910 1089 1975 Magno
1106 1910 1177 1966 osori,
1195 1908 1244 1960 hoc

139 1981 243 2033 uolam'
257 1989 329 2031 reeta
339 1983 455 2032 latinitas
466 1984 574 2047 patitur.
607 1985 673 2035 Con·
712 1985 770 2035 loco
782 1998 832 2033 non
850 1998 898 2048 pro
914 1984 1038 2034 immenso
1056 1983 1151 2049 (itaut
1168 1985 1244 2048 vulgo

140 2057 233 2106 cedam
252 2057 332 2106 etiam
353 2057 482 2108 ‘inurere
503 2059 624 2123 plagam’
644 2067 673 2110 et
713 2059 836 2125 sumitur)
855 2060 902 2111 sed
919 2074 966 2124 pro
977 2060 1137 2121 turbulento,
1148 2059 1244 2109 vaide·

138 2131 263 2180 ‘inurere
271 2129 376 2194 flagris!
402 2132 671 2198 At‘innrereflagra’
713 2135 1244 2200 qnefluctuanti‚vehementiuaqnesentis

140 2220 175 2256 ne
185 2205 281 2255 infime
299 2206 403 2270 quidem
415 2208 553 2258 vetustatis
564 2209 673 2273 scripto·
713 2216 853 2275 commoto,
864 2210 976 2275 positum
987 2209 1098 2260 ridetur.
1118 2211 1200 2260 Doulou
1211 2211 1244 2262 P.

141 2295 185 2330 res
208 2295 319 2345 unquam
341 2281 480 2331 dixerunt)
513 2282 569 2331 Nos
586 2289 672 2332 tamen
712 2285 776 2336 etF.

140 2358 371 2424 incomparabilem
382 2359 464 2410 rirnm
473 2358 529 2408 salii
537 2365 672 2423 putamus:
1207 2415 1215 2447 ι

511 2642 716 2710 CARMEN
740 2641 885 2710 XXVI.

176 2905 281 2971 lFuri,
297 2907 379 2957 oiilulo
396 2912 486 2971 metra,
501 2906 555 2971 lfa]
579 2905 674 2957 Placet
714 2905 826 2955 denariis
848 2901 1045 2954 excurrentibus
1066 2908 1135 2953 octo.
1176 2901 1244 2953 Nam

142 2983 243 3046 scripta
267 2983 353 3047 potius
378 2983 467 3045 lectio,
500 2983 570 3045 rust,
592 2983 677 3031 villula
715 2998 793 3033 unum
810 2981 960 3031 sestertium
979 2981 1121 3044 imputatur
1138 2980 1245 3030 invice·

141 3064 239 3108 codro:
255 3059 314 3130 quis
324 3059 390 3107 euim
398 3058 512 3120 ambigat
519 3072 605 3121 porro,
613 3059 675 3122 quin
716 3073 763 3108 nos
772 3072 864 3107 aureos
880 3057 981 3106 Solutus
992 3069 1050 3104 cnm
1062 3055 1152 3103 decem
1167 3054 1247 3103 dena·

142 3133 214 3184 idem
224 3134 266 3183 iric
275 3134 309 3183 sit
318 3133 409 3183 Furius
417 3133 523 3195 iile‚eni
535 3133 628 3195 passim
639 3133 676 3194 ig·
717 3135 761 3183 siis
770 3131 977 3183 excurrentibus.
1005 3131 1139 3180 Posterior
1149 3145 1246 3180 summa

143 3207 295 3257 nominiosse
308 3207 469 3271 paupertatis
481 3207 587 3255 maculae
600 3206 675 3254 aVa-
716 3207 822 3258 conticit
834 3212 933 3256 tantum
945 3205 1065 3254 denarios
1077 3205 1247 3269 quadringen-

143 3282 212 3332 ierio
224 3285 315 3346 nostro
326 3283 436 3332 inustae?
456 3282 537 3330 Druso
550 3281 579 3330 P.
716 3288 757 3332 tos
769 3279 991 3345 vigintiquinque,
1003 3278 1088 3342 idest,
1099 3293 1189 3327 aureos
1200 3280 1246 3329 So·

177 3360 195 3406 l
215 3359 351 3408 Veramod
368 3358 444 3406 miliia
460 3354 676 3419 qaindecimetdrl·
715 3361 783 3409 istos
803 3357 1038 3422 trigintaquinque
1060 3371 1118 3406 cum
1134 3357 1247 3421 quinque

144 3433 226 3498 mla]
249 3433 333 3482 Vetus
354 3434 492 3496 scriptura,
508 3437 533 3480 et
551 3433 676 3481 ducentos:
717 3433 828 3484 denariis
839 3430 1047 3482 excurrentibus.
1080 3430 1146 3479 Hac
1157 3430 1248 3480 melius

144 3515 229 3560 recte.
255 3506 363 3572 Alioqui
374 3506 490 3556 immanis
499 3506 575 3555 nimis
585 3505 678 3557 suisset
717 3509 875 3560 conveniant
891 3507 995 3570 villulae,
1009 3521 1085 3572 quam
1102 3506 1147 3555 illa
1161 3507 1251 3557 imma.

146 3583 319 3643 summaills3
335 3595 418 3647 neque
436 3587 500 3645 puto
519 3587 572 3630 tam
591 3581 677 3646 copia·
717 3585 757 3633 nis
778 3598 883 3646 summa,
901 3581 942 3632 cai
961 3582 1044 3632 nulius
1063 3583 1180 3632 sacculus
1199 3597 1248 3645 par

145 3672 203 3708 sum
214 3657 345 3707 Catullum
356 3655 443 3706 inisse.
460 3655 613 3708 Quindecim
625 3657 678 3706 mil·
716 3674 774 3711 esse
784 3665 881 3722 potest.
912 3659 957 3708 De
974 3658 1072 3709 Catulli
1090 3664 1175 3708 sutem
1187 3658 1247 3706 vilis

142 3733 185 3783 lla
193 3733 307 3783 ducenta
316 3731 447 3793 sestertia,
457 3732 521 3781 item
533 3732 678 3796 quindecim
716 3734 925 3798 intelligendum,
946 3747 998 3784 non
1021 3734 1053 3783 de
1081 3733 1160 3796 Furii,
1179 3731 1249 3796 qnod

146 3807 228 3860 milla
238 3807 343 3857 ducenti
353 3807 466 3856 sestertii
479 3807 588 3856 immune
599 3821 678 3872 quan·
718 3811 829 3861 somniat
837 3810 878 3860 vir
886 3810 1005 3860 disertus.
1022 3808 1087 3857 Scri.
1182 3862 1184 3867 ,

146 3887 204 3932 tum
211 3883 370 3946 discrepant.
402 3881 495 3931 Priore
506 3880 680 3931 summafiunt
755 3887 843 3936 Vemm
857 3888 889 3935 ad
908 3884 992 3945 miliia,
1009 3881 1063 3944 lfa]
1080 3881 1144 3928 Sunt
1155 3880 1198 3944 qui
1215 3882 1248 3931 ad

148 3957 284 4007 denarium
294 3957 375 4007 millii!
385 3957 572 4021 qutdrlnssissit
586 3957 679 4019 titini?
718 3964 789 4015 illius
799 3963 873 4014 Furii
882 3962 963 4013 verbs
973 3961 1028 4010 irmc
1041 3956 1166 4020 referant,
1176 3959 1249 4022 cujus

148 4032 272 4097 qumque,
289 4031 340 4082 hoc
358 4037 408 4096 est,
425 4033 570 4082 Solatorum
590 4044 680 4080 turem
719 4044 863 4088 extremam
880 4035 993 4099 inopiam
1007 4047 1038 4083 sc
1054 4031 1250 4083 mendicitatem
1277 4080 1279 4084 .
1342 4057 1346 4064 ·

149 4119 208 4155 '¹1¹³
224 4106 406 4157 Frwcieorltm
425 4105 506 4157 millii!
522 4106 634 4171 quinque
652 4111 680 4155 el
719 4115 797 4178 panio
816 4119 877 4162 ante
898 4109 1013 4159 catullus
1028 4108 1169 4157 inluserat:
1188 4122 1250 4172 quo·

151 4180 270 4248 triginta,
281 4181 465 4248 quadringenti
481 4181 611 4233 sexdecim
622 4195 680 4233 casn
720 4202 777 4240 rum
788 4187 933 4253 opinionem
950 4183 1060 4250 primurn
1076 4181 1121 4232 ilia
1132 4194 1183 4234 son
1195 4197 1249 4234 sos.
