2774 4702
531 316 640 365 Nuria
664 315 860 364 vitatorium
885 316 925 364 tu

512 617 716 683 CARMEN
740 616 962 682 LXXXIII.

222 866 237 910 t
256 853 486 916 Muleniiriiorntio]
500 854 560 903 Vet
578 853 625 904 lib.
642 855 716 903 Nuiie
756 853 852 902 Perter-

191 932 341 987 11111101111.
351 933 369 981 1.
378 945 401 979 e.
414 943 472 978 meo
479 928 580 992 judicio
591 942 677 978 merus
689 943 717 978 ea
788 929 893 985 tQuori
911 943 974 977 nano
991 927 1083 990 garrit,
1104 932 1128 976 et
1146 923 1294 989 nouorum]

191 1021 288 1076 atupor.
299 1007 432 1058 Volcatius
442 1004 600 1066 Sedigitua,‘
613 1003 650 1052 Ut
658 1018 718 1053 eon·
756 1005 864 1068 Repone
881 1006 979 1067 gannit.
1012 1005 1143 1064 cnciliua,
1169 1004 1293 1055 ‘Gannit

193 1097 235 1138 tra
256 1088 278 1137 oi
303 1086 359 1151 quio
387 1083 491 1146 sentiat,
517 1081 580 1131 nihil
607 1079 719 1131 rentiat'
757 1081 1070 1133 odiorootoraefamiuae:
1087 1081 1150 1130 Scri.

517 1342 722 1410 CARMEN
749 1340 967 1408 LXXXIV.

227 1589 242 1633 ³
260 1578 389 1646 Sperabat]
405 1577 459 1626 Pro
471 1577 479 1604 ‘
489 1575 672 1626 existimabat’
682 1589 724 1624 ae·
764 1572 832 1622 unde
842 1570 936 1634 Apollo
946 1569 1084 1618 eratDeur
1094 1567 1197 1616 familia·
1210 1568 1298 1618 Casa-

195 1661 292 1723 cipitur
303 1656 334 1706 ad
347 1655 498 1705 Graecorum
511 1659 628 1700 veterum
639 1650 724 1700 imita·
765 1663 831 1708 rurn,
842 1634 947 1697 anctore
958 1647 1057 1696 Servio.
1074 1645 1139 1694 Scau.

194 1736 301 1790 tionem,
318 1731 362 1795 qui
374 1728 464 1778 eodem
476 1727 552 1776 modo
565 1724 640 1774 ἔολπα
651 1730 724 1774 utun·
797 1725 881 1788 Liber]
900 1726 957 1774 ‘Eos
982 1722 1038 1772 falli
1066 1728 1141 1786 puto,
1169 1721 1230 1769 liber
1251 1721 1298 1784 qui

195 1817 248 1861 tur.
278 1807 347 1856 Vide
363 1804 436 1854 Scoti
449 1802 561 1852 Obserr.
573 1802 591 1850 l.
602 1814 634 1850 ιι.
651 1815 674 1850 o.
685 1805 726 1849 ³6.
765 1807 873 1851 censent
883 1814 974 1849 nomen
991 1812 1047 1848 eoae
1067 1798 1152 1861 gentio
1163 1796 1206 1844 vel
1223 1795 1299 1844 fami-

227 1892 242 1929 5
271 1884 312 1928 Sia
331 1881 390 1926 liber
410 1875 546 1934 avunculus]
572 1876 721 1934 Cognomen
764 1877 823 1923 liae:
841 1874 968 1938 rignificat
980 1873 1047 1920 eninr
1056 1871 1181 1934 spurium,
1197 1871 1242 1935 qui
1253 1885 1300 1933 pa·

195 1957 275 2006 Liber
287 1953 357 2017 apud
374 1953 510 2000 Romamn
544 1949 619 1997 DIeti
634 1945 722 1995 Liberi
762 1956 847 1997 truum
866 1962 916 1996 non
934 1947 1054 1997 babuerit
1073 1946 1193 2007 liberum,
1214 1952 1295 2010 atque

196 2033 228 2081 ab
240 2028 350 2091 eoquod
367 2032 459 2074 exerto
478 2024 568 2072 matria
588 2022 722 2084 uteroipsi
762 2023 820 2074 ideo
840 2039 888 2073 nee
907 2031 1018 2087 patrem.
1051 2022 1125 2072 Idem
1145 2021 1201 2071 fere
1219 2024 1299 2085 jocus

195 2103 272 2154 liberi
291 2105 437 2148 evaserant.
467 2097 640 2144 Tertullianus
659 2097 725 2143 libro
763 2097 865 2146 Afranii
887 2098 955 2160 apud
977 2097 1078 2148 Charin.
1098 2098 1144 2146 lib.
1164 2112 1184 2146 1.
1211 2098 1300 2147 ‘Cou-

196 2180 230 2228 de
249 2176 354 2238 Anima,
368 2176 376 2202 ‘
388 2170 603 2240 Poasumualiiioo
622 2184 725 2234 quoque
764 2171 901 2234 temnena,'
923 2171 1017 2236 inquit,
1041 2170 1127 2221 ‘liber
1149 2178 1225 2221 natur
1248 2181 1301 2236 eat,

196 2253 350 2316 recogitare,
367 2248 410 2313 qui
429 2253 523 2296 erecto
543 2246 634 2295 matria
652 2252 726 2295 utero
764 2249 817 2299 ita:
835 2255 918 2299 mater
929 2249 984 2311 ejus
996 2248 1080 2298 duxit:
1097 2248 1301 2308 inunumcum

196 2330 250 2379 rivi
261 2328 347 2378 abirem
358 2325 506 2374 hauserunt.
539 2323 627 2372 Liberi
637 2323 725 2385 aliqui,
765 2326 853 2376 ambos
865 2323 995 2374 emerem!
1013 2325 1108 2372 Passer.

197 2412 226 2455 et
242 2398 391 2465 Scipiones!
423 2399 486 2461 Sed,
503 2407 627 2463 quantum
646 2400 726 2462 suapi-
798 2399 1175 2462 asomumnaonuixeror]
1189 2401 1301 2462 Repone

196 2494 252 2540 eor,
264 2478 343 2527 Liber
353 2490 404 2524 non
415 2475 496 2537 magia
509 2489 583 2538 quam
594 2475 681 2537 Scipio
693 2473 726 2522 ab
767 2492 800 2527 ex
811 2477 916 2540 antiqua
933 2475 1073 2539 scriptura,
1090 2475 1200 2525 Dixerit.
1218 2475 1303 2524 rimo

198 2570 230 2605 eo
250 2568 313 2603 caan
331 2551 417 2600 dictus
436 2555 486 2598 est.
531 2549 583 2598 Sed
602 2550 651 2598 hoe
671 2551 726 2598 vult
765 2552 802 2612 iu,
813 2550 909 2614 ἐλέξατο
917 2550 953 2602 ἄν.
988 2550 1126 2599 Nouenim
1136 2549 1304 2600 affirmabun-

198 2629 385 2686 Tertullianua3
401 2625 726 2689 iutereoo,quicaeroma·
766 2628 814 2677 duo
835 2628 885 2676 hoe
907 2626 979 2676 dicit.
1016 2625 1142 2688 Propert.
1168 2626 1295 2690 ‘Minyis

199 2707 246 2756 tria
258 2712 332 2754 utero
344 2702 395 2751 riri
413 2702 525 2750 extracti
543 2708 613 2761 runt,
629 2702 727 2764 Scipio·
766 2702 861 2751 dixerit
872 2698 1016 2750 Aacauius!
1042 2699 1107 2749 Seni.

90 2817 95 2825 ·
197 2798 257 2833 nem
269 2780 396 2847 quendam
408 2779 469 2827 itern
486 2778 608 2827 Liberum
620 2781 728 2828 centeri.
801 2782 832 2827 12
848 2775 1171 2837 rememoremur&
1184 2778 1302 2842 Hionios]
1344 2818 1348 2825 .

199 2857 288 2907 Liberi
299 2869 362 2917 ergo
374 2852 457 2915 gentis
474 2867 506 2899 au
518 2851 628 2901 familiae
635 2867 729 2902 nomeu
768 2852 811 2902 Ab
822 2853 894 2902 biatu
912 2851 1020 2913 scilicet,
1040 2865 1090 2914 quo
1109 2852 1243 2915 aspirabat
1264 2860 1304 2903 te·

198 2934 298 2991 Romae,
308 2943 358 2977 uon
370 2934 457 2977 autem
468 2926 574 2987 Bacchi,
586 2933 615 2976 ut
626 2926 730 2991 quidem
768 2941 841 2977 nner.
873 2926 1195 2989 Itaeuimexpoauitoiiur
1205 2943 1305 2990 parens

199 3008 415 3067 interpretantur.
456 3002 498 3051 An
526 3001 605 3051 Liber
634 3001 729 3064 dietus,
767 3017 839 3051 meua
851 3002 877 3050 in
894 3001 945 3050 ruia
964 3001 997 3050 de
1016 3001 1120 3051 Canusio
1130 3002 1238 3065 Linguae
1251 3003 1305 3052 La-

200 3081 261 3147 quin
271 3080 353 3129 erasit
367 3077 518 3143 perieulum,
535 3082 628 3126 exeeto
639 3077 728 3126 matria
766 3077 828 3126 tiore
844 3076 1050 3127 Commentariis.
1085 3077 1305 3128 Namritantunr

198 3159 291 3208 utero?
322 3156 390 3206 Sane
410 3156 455 3220 qni
474 3156 512 3204 ita
530 3159 623 3203 erecta
643 3159 726 3203 matre
769 3151 890 3201 adhibeas
909 3166 950 3211 ea,
966 3166 1024 3215 quae
1040 3153 1089 3200 buo
1104 3151 1223 3199 studioso
1241 3153 1306 3202 oiim

199 3228 659 3293 nascebantur,rotierantApoliini.
675 3229 730 3277 Vir·
772 3227 1307 3289 eontulitPolitiauns,nonextotomenti

201 3308 244 3372 gil.
256 3309 312 3358 AEu.
323 3321 350 3358 x.
365 3307 501 3355 ‘exectum
514 3305 570 3367 jain
588 3310 670 3353 matre
684 3318 730 3368 pe·
773 3304 869 3354 catulli
880 3301 1048 3353 ratiafeceria.
1066 3303 1140 3352 Idem.

202 3390 311 3448 tempta,
337 3384 372 3433 Et
393 3380 450 3444 tibi,
470 3380 576 3444 Pboebe,
601 3377 732 3429 suornm?

529 3636 733 3703 CARMEN
756 3637 973 3704 LXXXVI.

237 3885 252 3929 2
270 3873 532 3940 Hoecegoricoingnia]
548 3874 633 3936 Magis
645 3875 734 3936 placet
773 3875 820 3923 tir:
837 3873 895 3922 mitt
905 3869 1248 3934 condidu,iongo,Reotoeat:
1267 3874 1309 3923 boc

206 3956 310 4019 antiqua
319 3954 407 4017 lectio,
418 3949 628 4010 Quimiosurmoru
635 3955 670 3999 ert
677 3951 735 3998 mni-
773 3963 831 4012 ego:
847 3949 882 3998 ric
891 3950 985 4009 ringula
995 3947 1112 4013 confiteor.
1128 3948 1197 3999 Scal.
