2774 4702
150 282 216 346 302
500 296 531 342 o.
555 293 713 342 venenu
739 294 906 345 crruunr

152 436 266 500 Sinos
283 432 615 501 omuinovisomnes
632 436 779 519 perdere,
795 437 900 512 Vetti,
1239 443 1263 505 5
1294 493 1297 497 .

193 537 319 602 Dicas:
342 537 487 614 omnino,
504 537 594 619 quod
609 537 720 620 cupis,
735 537 868 602 efficies.

147 707 249 750 stercore
260 699 405 761 formonsi
422 699 469 748 tibi
485 701 638 764 indoctique
652 693 775 763 contingat
794 701 896 751 utilitas.
930 702 960 752 Si
976 718 1031 754 oero
1042 719 1084 754 ros
1099 719 1179 756 omues
1193 707 1266 771 cupis

146 765 285 828 propligore,
295 767 395 828 loquere,
407 779 423 814 o
439 765 516 828 Venti,
524 770 549 814 et
558 779 654 828 prorsus
663 767 808 829 consequeris
819 767 853 832 io,
863 767 924 830 quod
936 768 980 817 ris.

147 995 185 1043 les
199 996 296 1053 portes,
312 991 375 1040 ficto
396 1005 428 1040 cx
448 988 560 1039 ‘cunda'
572 996 600 1039 et
610 987 799 1053 ‘pinguedine'
816 989 939 1040 vocabulo
950 1011 956 1052 ;
967 992 1071 1055 trepidos
1080 993 1231 1055 explicatur
1245 1010 1260 1043 e

149 1057 223 1107 Pers.
232 1069 270 1105 vr.
281 1059 322 1105 72.
352 1056 444 1104 Lectio
456 1060 544 1104 nostru
555 1052 667 1102 debetur
679 1052 870 1103 Pontiano-o
886 1055 977 1104 Hieros
988 1071 1021 1104 cx
1030 1055 1106 1106 codd.
1118 1056 1172 1106 suis
1182 1059 1261 1109 dedit

147 1123 224 1171 Voss.
235 1117 303 1182 quod
314 1119 432 1181 reposuit
443 1118 492 1167 Ed.
505 1131 579 1167 cnon.
590 1115 762 1180 probantibus
773 1117 861 1165 Hand.
872 1118 989 1168 Bronkh.
1002 1120 1027 1168 iu
1038 1119 1192 1181 Anecdotis,
1204 1124 1261 1172 luu—

147 1185 227 1232 dunte
237 1184 293 1232 Cic.
306 1182 374 1231 Phil.
388 1196 418 1231 ιι.
428 1187 469 1231 ts.
481 1187 510 1231 et
520 1182 592 1229 Baclr
604 1181 637 1229 nd
647 1179 742 1228 Tibull.
755 1193 781 1241 p.
791 1184 848 1228 122.
874 1182 950 1245 Dicor
960 1183 986 1231 iu
997 1181 1058 1231 Alc.
1068 1184 1140 1235 Juut.
1153 1185 1258 1250 Gryph.

146 1248 218 1360 gion
240 1247 307 1295 Stat.
328 1247 394 1296 Scul.
417 1247 505 1296 Graer.
524 1245 621 1308 Delph.
638 1244 699 1307 Bip.
718 1243 783 1303 aliu,
801 1252 937 1307 praeeunte
959 1246 1091 1308 Avanti03
1118 1248 1211 1298 Discus
1231 1249 1259 1298 in

175 1325 222 1360 rur.

650 1405 757 1457 Nom

147 1520 353 1570 calceamentum
374 1535 389 1568 a
407 1519 516 1570 Curibus
528 1521 630 1584 populis
642 1521 680 1569 iu·
716 1520 790 1583 jocus
802 1525 843 1568 est
858 1518 1058 1583 Epigrammatio
1075 1525 1105 1569 et
1123 1527 1256 1572 venustos·

147 1600 264 1656 rentum,
285 1600 313 1644 ut
336 1595 430 1645 Pollux
451 1602 478 1645 et
499 1597 591 1645 Suidas
614 1595 681 1645 offir·
720 1594 748 1642 si
776 1609 831 1657 nos,
852 1594 944 1658 inquit,
964 1609 1051 1644 omues
1073 1595 1111 1645 vis
1134 1597 1258 1663 perdere,

147 1677 230 1721 mont.
263 1670 421 1721 Aristoteles
433 1686 496 1720 vero
515 1673 548 1720 de
567 1672 680 1722 Animal.
721 1669 792 1717 nullo
804 1669 910 1732 negotio
920 1675 993 1732 potes
1001 1668 1114 1721 efficere.
1132 1672 1257 1738 Loquere

145 1744 191 1795 lib.
211 1758 244 1794 rr.
265 1745 302 1794 cit
318 1746 326 1773 ‘
340 1745 479 1794 cubstinis'
497 1746 609 1796 camelos
628 1746 680 1795 cal·
722 1750 833 1806 tontum,
844 1751 872 1794 ct
888 1745 909 1793 si
927 1746 1008 1795 semel
1023 1761 1168 1798 sermonem
1181 1756 1256 1799 tuum

144 1820 224 1871 ocari.
258 1820 445 1869 ‘Corbatinae'
462 1826 549 1870 antem
562 1827 590 1870 et
607 1821 616 1849 ‘
624 1833 680 1870 cre·
721 1819 862 1882 audiamus,
873 1821 1017 1884 assequeris
1028 1827 1057 1871 et
1068 1820 1167 1873 efficies
1184 1825 1255 1888 quod

144 1895 231 1961 pidae’
248 1901 309 1944 sunt
325 1896 376 1943 duo
395 1895 499 1943 nomino
519 1894 680 1944 substantive
720 1893 802 1956 cupis.
833 1894 919 1942 Tanto
935 1900 977 1943 cot
994 1895 1061 1943 enim
1078 1897 1130 1945 oris
1151 1899 1192 1947 tui
1209 1898 1257 1948 foe-

144 1986 203 2037 quse
227 1971 282 2020 sine
305 1970 399 2032 copule
422 1983 468 2032 per
491 1969 679 2032 appositionem
720 1967 818 2017 dissimi
832 1970 955 2032 spurcitie
966 1975 995 2018 et
1006 1971 1152 2035 turpitudo,
1170 1981 1202 2024 ut
1221 1977 1256 2024 si-

145 2048 206 2098 ideo
218 2051 350 2110 ponuntur
362 2062 377 2094 e
395 2047 508 2108 Catullo,
520 2046 581 2109 quic
591 2046 680 2095 rustici
701 2098 704 2105 ‚
721 2045 774 2093 mul
786 2051 866 2110 atque
877 2046 948 2109 loqui
958 2047 1076 2109 coeperis,
1095 2062 1144 2098 uos
1163 2065 1255 2101 omnes

145 2122 278 2174 immundo
289 2128 316 2171 et
327 2119 396 2170 foeda
405 2135 509 2184 semper
521 2121 616 2170 hubent
627 2122 679 2170 col·
720 2119 857 2170 audientes
866 2121 1021 2185 contagione
1032 2121 1127 2186 perdes
1148 2131 1176 2174 et
1196 2126 1255 2176 iufi-

144 2203 290 2254 eearucum.
305 2211 364 2246 cum
374 2195 399 2244 in
412 2194 520 2244 stabulis
533 2201 678 2244 versentur.
719 2193 781 2244 cias.

174 2277 193 2329 ὁ
217 2273 309 2331 Dicos,·
332 2274 393 2335 qood
412 2272 478 2336 copis
496 2269 592 2337 efficies]
625 2270 677 2320 Hic

562 2553 817 2564 ---.,

510 2776 716 2843 CARMEN
740 2776 882 2842 XCIX.

543 2943 595 2992 An
611 2944 849 2993 JUVENTIUM.

141 3095 332 3159 Sunrrrur
347 3094 418 3170 tibi,
435 3092 513 3157 dum
528 3094 629 3170 ludis,
645 3094 770 3157 mellite
785 3094 936 3170 Juvcnti,

184 3194 380 3261 Suaviolum
393 3193 486 3259 dulci
500 3194 632 3259 dulcius
645 3195 824 3259 ambrosia.

172 3359 197 3410 0
217 3359 353 3410 moisdme
374 3359 482 3422 Jooentr',
501 3360 558 3408 dom
580 3357 729 3407 obiectorerr'o
746 3355 877 3421 suffuratus
896 3371 947 3406 sorr
964 3355 1010 3406 rior·
1031 3357 1134 3407 osculum
1151 3358 1249 3408 mio·

640 3502 748 3554 NOTAE

170 3621 185 3665 1
202 3615 317 3679 Surripui
327 3616 384 3678 tibi]
412 3616 602 3666 venustissimo
621 3615 670 3664 hoc
712 3614 764 3664 cuti
776 3627 857 3677 genus
867 3618 1045 3678 peccaturum.

136 3697 332 3760 Epigrammata
349 3701 378 3745 et
395 3695 555 3758 lepidissimo
573 3694 671 3745 Juveu-
742 3690 877 3738 enotrius
891 3688 1020 3751 uniordo]
1049 3687 1058 3715 ‘
1067 3687 1202 3738 Necture'
1219 3696 1248 3738 et

136 3770 211 3833 tium,
221 3770 255 3822 de
267 3769 485 3835 quojumsaepius
494 3783 580 3833 supro,
588 3768 670 3818 lenire
711 3768 720 3796 ⁴
731 3765 875 3815 umbrosis*
905 3766 975 3815 vesci
994 3766 1068 3814 Deos
1088 3771 1182 3814 auctor
1204 3774 1248 3816 est

136 3855 246 3899 conetur
264 3849 391 3908 Catullus,
406 3847 449 3911 qui
469 3861 528 3896 cum
547 3846 596 3910 ipsi
614 3861 670 3896 suu·
712 3841 851 3906 Homerus,
868 3855 944 3906 quem
961 3840 1056 3904 reliqui
1074 3839 1160 3890 secuti
1184 3848 1247 3892 suut

136 3924 230 3973 riolurn
243 3939 288 3974 seu
306 3925 422 3974 osculum
441 3922 617 3985 surripuisset,
627 3936 670 3970 ve·
710 3917 811 3968 Poetae.
852 3918 945 3966 Utrum
967 3929 1030 3965 vero
1051 3915 1086 3964 sit
1107 3915 1194 3976 cibus,
1212 3930 1246 3965 ru

136 3991 272 4049 lrenr'euter
288 3998 481 4061 fueratiratus3
505 3998 670 4048 uudePoiita
710 3998 795 4057 potor,
807 3994 935 4042 incertum
947 3997 997 4041 est.
1037 3988 1148 4040 Alcman
1168 3991 1246 4054 Lyri-

137 4072 206 4134 upud
217 4074 302 4137 ipsum
315 4089 343 4124 se
354 4088 480 4125 excussus
495 4073 626 4137 promittit
642 4073 669 4121 in
710 4082 756 4118 cus
776 4074 803 4117 et
818 4066 923 4130 Sappho
939 4064 1125 4114 ‘ambrosium'
1142 4071 1247 4128 potum,

137 4154 270 4210 posterum
282 4164 450 4215 oeunuqnnru
466 4147 592 4214 ejusmodi
608 4161 669 4211 pec·
706 4143 835 4196 ‘uector'
851 4144 939 4194 cibunr
958 4141 1095 4193 affirment.
1141 4143 1244 4194 Noten-
