2774 4702
325 316 385 364 .c.
412 310 569 364 venenu
594 308 760 362 nannoni
785 309 943 360 oanuau
969 311 1051 361 uxr.
1179 294 1246 363 895

148 471 287 523 iussiones
301 470 409 534 janonem
421 471 680 522 Caelitessiliionim
717 469 867 521 Gallicanus
884 469 968 519 codex
988 471 1060 533 ludu,
1080 483 1127 534 pro
1143 471 1200 535 iudi,
1216 476 1247 520 nt

147 549 238 598 Priore
256 561 304 597 rer.
336 548 483 598 Monstrum
504 548 633 609 lectionis,
649 554 679 598 ut
716 560 802 610 sape:
821 560 853 596 ex
865 544 1143 610 quofeceroortoum.
1164 546 1247 596 lli'sllla

144 624 237 673 rides:
255 623 301 672 red
311 623 340 672 in
352 638 403 688 quo
415 625 469 674 solo
485 624 562 674 istius
574 624 624 674 loci
635 624 679 673 lle·
715 623 775 685 tadi,
786 629 816 672 ut
831 621 839 649 ⁸
851 622 924 671 Mille
935 620 1013 670 aris?
1039 623 1116 671 Idem.

143 697 272 762 prarandi
282 704 311 747 et
326 698 481 748 emendandi
497 699 576 749 cardo
592 713 678 749 verse·
747 703 796 748 219
805 696 1002 748 Deberidsatnd
1007 697 1112 761 patrem]
1120 695 1246 762 Virgilius

144 780 198 824 tnr.
230 775 678 839 Transpositabaeostropbeloouru
715 773 771 825 sine
795 772 995 838 prepositiones
1025 772 1144 836 ‘Incipe
1166 787 1246 837 parve

142 865 203 901 onor
214 850 350 914 superlore
358 858 519 902 commutare
530 851 619 914 debet,
629 851 678 901 ita·
716 864 782 914 puer
793 850 845 899 risu
856 861 1013 912 cognoscere
1020 856 1137 897 matrem.
1154 848 1246 912 Incipe

143 942 197 992 qne
206 927 244 976 sie
256 927 343 977 omnia
359 941 406 977 suo
422 927 506 977 ordini
521 928 677 991 reponimus,
716 939 797 988 parve
809 938 883 988 puer,
895 925 940 988 qul
954 938 1006 974 non
1021 925 1100 974 risere
1113 932 1246 995 parentes,

141 1009 174 1052 et
190 1008 254 1051 tuno
271 1001 350 1052 facile
362 1003 455 1052 menda
473 1003 531 1068 ipsa
541 1003 676 1053 tollemus:
715 1002 774 1051 Neo
798 1003 871 1051 Deus
896 1001 965 1050 buno
988 1014 1085 1061 meoaa,
1107 1000 1168 1049 Dea
1194 1013 1245 1050 nen

141 1077 202 1126 Jntss
212 1077 269 1126 litet
278 1076 366 1139 mas,
375 1076 470 1126 marite.
506 1075 575 1127 Uxor
588 1078 614 1127 iu
624 1078 677 1127 tiro-
715 1076 823 1142 dignata
834 1075 911 1126 cubili
923 1075 981 1125 est.’
1006 1074 1148 1125 llluoifesto
1159 1075 1246 1125 borta-

141 1153 206 1201 lauro
215 1156 252 1200 ert
268 1151 314 1200 tibi
332 1153 383 1201 Ore
391 1153 507 1216 floridulo
517 1154 604 1216 meus,
614 1154 677 1203 Alba
714 1160 758 1204 tnr
768 1166 885 1218 puerum,
893 1161 922 1203 ut
932 1154 964 1203 ad
976 1162 1084 1203 matrem
1095 1153 1245 1217 rideat‚uou

141 1227 291 1278 Patierin
301 1226 382 1286 'ulan
404 1227 534 1280 Lateranus
557 1230 675 1294 Papauer.
713 1239 806 1281 eontra
821 1237 852 1281 nt
868 1231 906 1280 illi
920 1238 1052 1295 parentes.
1089 1232 1183 1297 Itaque
1199 1231 1245 1281 ad·

140 1304 190 1364 As,
218 1303 315 1365 marite,
343 1305 379 1353 ito
405 1321 444 1354 sse
462 1306 548 1366 jurent
572 1306 677 1365 emines,
714 1306 1245 1373 versaturbocQuintiliano,qulrb‘qui'

140 1380 295 1430 uibiiornm
305 1381 457 1432 Peloberesr
473 1387 582 1445 uenuste
599 1383 677 1433 Versat
713 1383 874 1449 pro‘qnoi'
894 1385 999 1449 accipit.
1034 1383 1072 1435 At
1087 1384 1244 1448 siVirgilins

142 1457 266 1520 Negitgu.
281 1459 322 1507 ssd
339 1457 391 1507 abit
403 1458 466 1508 dies:
489 1458 579 1522 Perge,
594 1473 624 1509 ue
639 1475 676 1509 re·
713 1458 806 1522 dlxit‚‘
818 1458 898 1508 risere
909 1458 1049 1523 parentes‚’
1062 1473 1108 1522 pro
1119 1458 1199 1508 risere
1211 1459 1244 1508 ad

140 1544 244 1582 mure.
278 1531 336 1582 Nos
353 1534 395 1584 diu
413 1539 585 1585 remoraturos.
617 1536 676 1584 Jasss
713 1543 845 1600 parentes,
873 1542 902 1585 ut
925 1535 967 1586 bie
989 1536 1102 1601 loquitor
1119 1537 1244 1600 Catullus,

139 1607 216 1656 mis.
249 1607 319 1657 Nolo
330 1609 488 1658 eruditorum
498 1610 599 1672 judicio
610 1609 675 1659 didi·
707 1611 763 1675 jaus
773 1610 937 1674 explodenda
952 1611 1003 1660 erit
1014 1611 1171 1663 Quintiliani
1188 1625 1244 1661 sen·

141 1681 216 1734 dere.
248 1683 317 1733 Nem
336 1691 364 1734 et
375 1684 543 1735 mediocriter
554 1685 627 1736 docti
639 1685 676 1735 ia·
713 1686 810 1738 tentia:
828 1695 856 1737 et
868 1700 929 1736 sane
941 1687 1010 1750 apud
1024 1687 1139 1737 Martini.
1152 1687 1244 1752 depra-

141 1757 194 1807 cile
205 1756 294 1807 ridere
305 1766 413 1822 possunt
423 1767 546 1824 quautam
559 1761 676 1810 commis·
712 1761 846 1811 rarissime
864 1762 951 1811 similis
960 1762 1033 1811 loeus
1047 1762 1151 1825 legitur,
1165 1767 1173 1791 ‘
1185 1763 1243 1813 Neo

140 1839 266 1883 sumeret
276 1834 489 1898 iliotranspositu
499 1835 676 1899 Stropbarnrn,
712 1835 765 1884 cito
782 1835 878 1885 ridebit
895 1837 1026 1900 peregrini
1044 1838 1127 1901 gloria
1144 1844 1243 1902 partor,

140 1914 171 1958 et
182 1923 258 1972 quam
271 1908 336 1959 bene
345 1910 412 1959 inter
423 1923 451 1959 se
462 1911 610 1960 cohaereant
621 1912 676 1974 illo,
712 1915 856 1969 Romanam
882 1915 960 1965 dunat
982 1931 1058 1981 quam
1081 1917 1164 1981 megla
1185 1930 1243 1967 esse

140 1998 196 2048 quo
216 1985 358 2048 posuimus,
377 1985 476 2036 ordine.
500 1985 547 2035 ar
565 1989 674 2037 mtrltum
712 1988 823 2039 nurum!
864 1991 1004 2054 Namquid
1018 1999 1067 2053 est,
1085 1992 1245 2057 ‘gloriape

141 2059 336 2111 Grammaticos
360 2062 435 2112 torsit
455 2062 498 2110 bin
525 2063 610 2122 locus,
629 2063 674 2112 sed
712 2066 807 2130 tegrini
818 2066 933 2130 pariusi'
951 2067 1019 2115 Satis
1030 2065 1150 2116 mendosa
1160 2067 1204 2124 illa
1215 2082 1244 2116 se

139 2143 241 2202 preter
251 2151 339 2186 omnes
350 2138 390 2186 vir
406 2152 511 2187 summae
522 2138 674 2189 eruditionis
712 2141 835 2204 produnt.
864 2141 959 2206 ltaque
968 2142 1053 2205 lego,‘
1064 2143 1103 2191 'l'e
1114 2144 1168 2193 nito
1176 2144 1243 2193 ride·

139 2211 281 2262 Turnebus
308 2213 401 2261 ruitum
423 2219 546 2278 quantum
574 2215 599 2263 in
625 2215 675 2264 boe
713 2217 752 2267 bit
769 2216 1244 2280 peregrinusClodiapartrrs‚Roma·

139 2286 212 2336 nodo
227 2287 351 2335 solvendo
370 2295 478 2349 astuat3
497 2297 526 2339 ut
544 2290 605 2339 mibi
624 2305 674 2339 uon
712 2306 771 2340 nam
783 2292 861 2341 ducat
873 2305 949 2354 qnam
967 2291 1048 2353 tnagis
1060 2305 1117 2340 essa
1135 2290 1243 2342 nurum!

139 2361 227 2412 minus
239 2357 407 2411 laborandum
419 2361 499 2412 fuerit
508 2364 572 2426 ‚ejus
583 2363 674 2414 lectio-
711 2366 842 2415 Martialis
850 2365 917 2413 enim
924 2364 997 2413 uxori
1006 2364 1140 2413 Marcellae
1148 2379 1243 2428 eogno-

139 2436 334 2501 reintegrando,
349 2452 424 2502 quam
444 2438 481 2487 illi
499 2439 548 2489 boo
567 2453 674 2503 pravum
711 2455 771 2490 men
793 2446 860 2490 erat.
893 2440 941 2488 Cui
963 2448 1069 2489 necesse
1088 2446 1129 2489 est
1145 2440 1241 2490 Clodios

139 2513 277 2562 Parthenii
286 2518 459 2562 commentum
468 2513 674 2578 interpretando.
712 2531 803 2565 nornen
815 2530 880 2566 esse.
914 2517 981 2564 Nam
991 2521 1079 2563 notum
1090 2515 1135 2578 qui
1144 2514 1242 2564 fuerint

140 2587 209 2647 Quia
219 2586 300 2650 igitur
310 2587 374 2637 dixit
385 2602 477 2637 novam
487 2604 607 2653 sponsant
620 2593 675 2654 pul·
710 2593 735 2642 in
748 2599 826 2656 geute
837 2592 946 2640 Claudia
959 2590 1094 2640 Marcelli:
1112 2590 1156 2654 qui
1167 2597 1241 2640 erant

135 2661 231 2714 .clsranr
242 2675 310 2723 esse,
320 2661 481 2711 nihilomiuus
493 2672 579 2712 tumen
590 2664 674 2727 ipsum
709 2667 814 2732 plebeii,
835 2672 862 2716 et
881 2665 915 2715 ab
933 2666 964 2714 iis
981 2666 1084 2729 patricii
1095 2665 1180 2714 Clodii
1190 2666 1241 2714 dis-

137 2754 263 2805 sponsum
275 2742 409 2805 pulcbruru
423 2742 468 2792 ait.
484 2733 559 2793 Idem.
710 2743 1073 2807 tinguebanturPulebrorum
1079 2742 1240 2804 cognomine.

172 2820 223 2867 2⁰2
241 2819 299 2866 Jusa
309 2817 397 2882 Vesus]
421 2819 501 2882 Lege,
520 2821 579 2868 dous
593 2821 673 2870 asub:
709 2818 789 2883 Apud
799 2819 934 2882 Virgilium
943 2817 1239 2878 esthamo-innurem·
1310 2857 1313 2861 .

139 2898 245 2942 veteres
257 2893 396 2955 editiones,
419 2900 447 2943 et
464 2908 541 2943 uranu
559 2897 673 2958 scriptos
709 2909 774 2956 rnur,
790 2895 852 2961 ‘.qui
863 2909 915 2944 non
926 2894 1022 2958 risere‚'
1036 2903 1064 2944 et
1076 2897 1239 2958 posteadicit

138 2967 219 3018 liber.
238 2969 313 3018 idern.
708 2970 815 3021 illunc?
842 2972 911 3021 Nam
928 2971 1096 3020 nascentibus
1114 2972 1241 3035 putabant

135 3080 141 3101 ,
172 3048 222 3093 206
236 3045 392 3107 Illspolueu's
400 3045 673 3109 erities]1tabebebat
709 3047 812 3096 adesse
825 3047 890 3096 rnari
910 3047 1032 3108 Gauium,
1054 3048 1156 3112 quiest
1177 3049 1240 3100 deos

138 3120 227 3184 prisca
238 3119 376 3183 scriptura.
394 3121 443 3170 Cui
455 3136 531 3184 opem
541 3136 589 3186 ego
600 3121 672 3172 ferre
709 3137 812 3183 mensa,
831 3120 934 3171 feminas
950 3123 1088 3186 iunonem,
1106 3139 1162 3186 qrioe
1179 3125 1239 3174 Dea

138 3209 190 3245 nou
203 3210 315 3260 possum.
334 3197 402 3246 Nam
413 3197 672 3259 vulgatam,ntcom·
709 3205 748 3246 est
766 3196 865 3246 cubilis.
901 3196 962 3256 Qui,
980 3197 1073 3259 inquit,
1091 3213 1142 3247 nou
1159 3200 1239 3248 risere

138 3272 286 3323 mentitiaus
297 3273 437 3336 rejicimus.
467 3274 605 3338 Scriptura
616 3288 671 3338 pras
710 3277 842 3335 parentes,
861 3284 909 3319 uso
927 3271 1027 3320 Genius
1045 3271 1117 3321 illurn
1136 3275 1240 3338 aceepit

138 3347 247 3400 referre
257 3348 360 3398 ridetur
368 3349 456 3411 eutbei,
464 3355 492 3398 ut
501 3349 582 3399 alludi
590 3349 672 3413 possit
708 3360 805 3406 mensa,
825 3359 873 3395 neo
884 3345 946 3395 Dea
962 3347 1028 3394 bano
1045 3347 1131 3398 cubili.
1163 3350 1241 3412 Qun,

139 3424 174 3475 sd
184 3423 294 3474 eutheos
305 3424 431 3486 Bellona,
442 3438 506 3488 qnos
517 3424 672 3482 beliooarlos
708 3421 731 3470 si
742 3435 830 3470 rernm
848 3419 926 3470 fateri
945 3421 1071 3483 volumus,
1081 3421 1166 3472 ‘etiam
1182 3423 1239 3472 sine

138 3500 279 3563 vocabant,
301 3500 345 3565 qui
365 3515 465 3550 sursum
487 3500 537 3549 vim
552 3514 671 3564 magnam
708 3496 826 3560 enallage
845 3496 908 3557 ulla,
926 3495 973 3545 sed
995 3497 1148 3558 simpliciter
1166 3497 1240 3548 dieta

137 3575 256 3641 pulveris
267 3574 457 3639 subjectabant.
478 3574 522 3623 Sin
530 3574 672 3638 obreptitia
708 3577 769 3621 sunt
779 3587 787 3631 ;
799 3583 951 3636 *quanquam
959 3577 987 3619 et
997 3571 1240 3635 enallageounrero·

137 3651 185 3700 ilia
202 3649 317 3714 loquitur
328 3649 398 3712 apud
408 3647 492 3697 Tibul.
514 3647 672 3712 ‘Attigerit,
708 3661 764 3696 rum
784 3647 868 3709 ipsum
888 3645 1024 3708 Virgilium
1043 3647 1168 3698 lractenos
1184 3661 1239 3697 cor·

137 3726 262 3777 labentur
288 3740 361 3789 opes,
387 3731 417 3774 ut
444 3724 550 3773 vulnere
583 3731 671 3774 nostro
709 3723 810 3787 ruperit
818 3723 843 3770 iu
853 3721 950 3786 Georg.
958 3721 1107 3773 111.‘Quod
1115 3730 1239 3785 surgente

137 3803 264 3867 Sanguis:
288 3808 318 3851 ut
335 3802 378 3851 bie
398 3801 482 3851 ventis
498 3801 671 3867 diripiturque
708 3798 751 3854 die
763 3798 881 3858 mulsere,
892 3797 1012 3862 horisque
1029 3797 1138 3859 diurnis,
1152 3799 1239 3849 Nocte

134 3877 224 3932 einis!
242 3878 316 3927 Idem.
426 3881 429 3888 '
709 3866 847 3939 preinont:
864 3873 995 3938 qnodjaru
1008 3872 1123 3921 tenebris
1138 3880 1167 3923 et
1183 3869 1250 3933 sole

172 3958 223 4004 21⁰
252 3954 333 4002 Multo
348 3952 424 4001 millia
440 3951 544 4014 laruam]
573 3952 670 4001 Versus
708 3951 829 4012 cadente,
843 3949 898 4000 Sub
913 3950 995 3997 locem
1013 3953 1237 4010 exportantcela·

93 4024 97 4030 ’
138 4031 323 4093 hypermeter:
351 4035 440 4076 noster
468 4026 561 4089 codex,
589 4028 671 4075 Multa
708 4028 760 4078 this
781 4027 849 4093 (adit
860 4026 956 4090 oppida
970 4025 1071 4088 pastor)
1087 4025 1143 4077 Aut
1157 4044 1238 4092 pareo

138 4105 218 4158 millio
233 4106 321 4154 ludere.
350 4104 417 4155 Quae
438 4102 517 4153 lectio
535 4117 568 4152 ex
587 4102 671 4166 prisca
708 4097 946 4164 ssleeontingunt!
971 4099 1092 4149 Omnium
1102 4102 1238 4172 poetarum

134 4181 283 4248 seriptions
310 4178 432 4243 manavit.
463 4177 576 4245 ¹llabnit
603 4177 670 4243 euiru
709 4177 852 4242 prinoipem
874 4177 911 4240 ita
932 4174 1077 4239 interrupte
1098 4191 1157 4230 oum
1170 4214 1172 4218 -
1185 4183 1237 4249 suis
