2774 4702
339 336 369 382 ο.
394 333 552 383 vanuum
579 333 746 381 oarunnr
773 333 929 381 cursura
957 333 1037 381 uxr.
1175 318 1244 385 889

139 475 296 540 compitalia,
305 477 445 543 Dapesqne
453 475 525 527 ducis
536 475 670 527 sordidas!
710 477 813 540 aliquod
822 491 886 541 opus
896 475 1153 540 publicumdamnati
1161 483 1245 540 erant,

137 553 276 604 silicernia
286 559 372 602 autern
384 553 410 602 in
421 553 473 602 illia
482 554 598 604 culinisa
609 569 673 618 pau·
711 561 742 604 ut
753 553 786 603 ad
797 553 968 615 molendinas,
977 552 1012 602 ad
1021 566 1131 614 remum,
1142 551 1176 602 ad
1184 551 1246 602 viiia
1277 548 1281 555 ’

138 629 247 693 petibus
258 627 468 692 absumebantur,
477 635 507 680 nt
523 629 550 678 in
568 630 674 681 Gracia
712 629 839 679 cadavera
859 626 1011 688 efferenda;
1033 627 1079 691 qui
1098 627 1106 655 ‘
1124 626 1247 690 vespillo·

138 704 221 763 rhais
230 702 317 762 ieiuna
326 705 427 754 δεῖπνον.
453 705 485 754 In
504 706 554 754 illis
567 705 674 756 ustrinia
712 705 766 755 nea’
774 704 936 754 dicebantur.
945 700 1139 764 Artemidorus,
1148 699 1248 752 ‘Orin-

138 795 212 844 saepe
222 779 377 844 prostabant
385 782 511 832 scortilla.
527 781 675 832 Artemido-
713 800 755 846 ρον
764 780 790 831 tl
799 781 830 831 ir
838 782 882 839 τῆς
892 779 999 842 κεφαλῆς
1008 776 1077 840 ψιλὸν
1088 776 1141 839 ἔχον
1152 795 1189 829 τιν
1204 778 1248 829 obe

140 869 183 903 rna
194 855 285 904 scribit
295 854 390 905 bonum
399 871 454 907 ease
464 857 567 920 γυναιξὶν
575 857 676 923 ἑταίροις
714 858 747 908 ὣν
763 856 932 919 eburumes,
944 852 1140 918 earmpitionu
1156 855 1202 913 τὴν
1215 852 1249 905 ais

138 932 192 980 ruia
201 929 293 980 iairoir
301 932 449 998 suwrupiors
456 934 572 986 ἐντύναιο
578 935 676 996 μίγνυσο
715 933 785 1000 ἔργον
791 932 900 996 δημόσιον
907 931 1040 990 καταδίκην·
1051 931 1121 979 τοῦτο
1129 929 1249 994 mutnet

139 1011 186 1067 dor,
202 1005 239 1056 iad
255 1005 285 1055 ri
300 1007 373 1057 situl
391 1008 550 1073 ἀρνησαμένοις
564 1008 676 1074 παρέχειν
715 1004 1150 1077 κοράοημόνέστιτνῖςδικοζομένοιε.
1173 1004 1249 1071 Apu·

140 1080 236 1132 ὃοννάς.
259 1082 319 1135 Quo
333 1085 416 1149 magia
433 1087 611 1136 stomachatur
628 1088 675 1137 Ca·
715 1091 791 1152 laius,
807 1087 949 1137 ‘Frontem
961 1084 1069 1144 literati,
1080 1089 1108 1133 et
1125 1082 1249 1147 capillum

140 1159 231 1217 tullus,
257 1175 325 1224 eam,
350 1176 409 1225 qnae
436 1163 532 1211 nemini
558 1169 676 1226 negaret,
715 1164 842 1226 semirasi,
862 1170 891 1212 et
912 1160 992 1226 pedes
1011 1157 1145 1209 annulati!
1178 1159 1249 1209 Nam

140 1231 247 1284 Ruffulo
258 1249 361 1299 negare.
379 1238 467 1289 Quare
478 1239 613 1302 insigniter
623 1240 675 1289 bal·
715 1248 744 1293 st
761 1239 916 1304 stigmatiaa,
941 1243 970 1287 et
993 1242 1127 1286 catenatos
1153 1232 1248 1283 innuit.

139 1309 272 1359 lucinatur
282 1311 314 1376 is,
331 1313 375 1376 qui
392 1313 458 1363 banc
478 1312 569 1364 Rufarn
581 1313 676 1362 venefi-
713 1317 828 1369 Martinl.
845 1316 854 1343 ‘
866 1313 923 1363 Has
934 1327 993 1362 curn
1006 1311 1109 1374 gemina
1121 1308 1248 1373 compede

141 1399 197 1435 cam
215 1401 271 1437 esse
291 1388 338 1450 ait,
354 1389 424 1453 quod
443 1396 549 1453 raperet
567 1405 626 1440 oasa
641 1390 675 1441 de
714 1393 821 1443 dedicat
831 1397 948 1451 catenas,
958 1389 1079 1450 Saturne,
1090 1385 1140 1438 tibi
1149 1385 1249 1446 Zoilus,

140 1462 241 1525 tepidis
268 1464 347 1528 rogis,
368 1472 398 1516 ut
426 1465 470 1514 illa
497 1465 566 1528 apud
593 1466 674 1516 Ouid.
714 1464 949 1530 annuloapriores!
962 1461 1249 1525 Idem,‘Annu1uaiate

139 1539 303 1604 ‘Raptaque
324 1542 357 1592 de
382 1541 477 1606 tepidis
495 1541 596 1603 colligit
616 1556 675 1592 ossa
716 1545 767 1596 tais
778 1536 1179 1600 fueratmodoeruribuaaptus!
1192 1536 1249 1586 -Ho-

140 1617 230 1680 rogia.'
258 1617 326 1666 Nam
344 1631 496 1681 pauperem,
513 1622 541 1666 et
560 1616 673 1681 ignobile
715 1610 1250 1682 rat.‘jamnecatenamExvotoLaribua

141 1699 256 1742 scortum
267 1693 400 1756 inteiligit.
423 1693 487 1742 Saul.
715 1688 856 1745 donaret!
870 1691 946 1741 Idem.

175 1773 190 1816 ὅ
208 1769 365 1830 Asemiruso]
381 1768 440 1825 Vel,
457 1773 486 1817 ut
501 1774 578 1817 vetus
592 1770 673 1833 scrip·
754 1769 850 1831 Ustore]
866 1768 976 1818 Ustores
994 1771 1053 1815 sunt
1070 1777 1202 1828 pyrarum,
1222 1763 1250 1811 in

143 1849 212 1906 tura,
223 1844 262 1893 Ab
271 1844 393 1893 semiraso.
425 1844 505 1893 Uator
519 1844 675 1907 νεκροκαύτης
718 1848 811 1913 quibua
825 1845 920 1894 mortui
935 1841 1127 1899 cremabantur,
1138 1837 1251 1888 aedifica·

143 1918 294 1967 redditura
314 1926 402 1968 vetere
421 1920 552 1983 magistro.
585 1921 617 1969 Id
637 1936 679 1985 ge·
719 1926 836 1983 torea,et
847 1920 975 1970 cadavera
986 1917 1012 1966 in
1025 1913 1151 1965 ustrinam
1168 1912 1261 1975 conji-

142 2008 190 2042 rrns
198 1993 328 2043 bominum
338 1995 438 2044 servilis
446 1994 602 2045 conditionis
611 2004 677 2047 erat.
717 1999 833 2056 ciebant,
853 2003 884 2046 nt
900 1999 1085 2051 cremarentur,
1105 1996 1133 2038 et
1153 1988 1251 2037 silicer-

143 2069 239 2119 Horat.
262 2071 340 2120 ‘Huc
362 2071 432 2134 prius
454 2071 570 2134 angustia
592 2073 678 2136 ejecta
718 2076 797 2135 nium,
815 2072 842 2121 id
861 2067 1037 2130 eicientem
1054 2071 1250 2114 coeuamcustc·

144 2143 273 2194 cadavera
293 2146 367 2195 cellia
384 2146 529 2196 conservus
555 2146 600 2195 rili
621 2163 679 2210 por·
718 2150 825 2199 diebant
848 2162 864 2196 a
885 2144 1043 2210 pauperibus
1065 2149 1094 2190 et
1114 2138 1251 2200 mendicis,
1313 2177 1316 2184 .

144 2219 227 2269 tanda
237 2220 340 2271 locabat
355 2221 382 2269 in
399 2220 478 2270 arca!
511 2219 679 2285 Atqneadeo
720 2223 764 2287 qni
785 2237 830 2272 eas
856 2221 938 2285 dapes
962 2220 988 2266 in
1009 2231 1100 2279 rogum
1119 2216 1250 2279 conjectas

143 2294 341 2358 abjectissimum
375 2311 456 2359 genua
484 2297 678 2360 mancipiorum.
716 2297 911 2347 semiustulatus
932 2293 982 2344 sibi
1004 2292 1124 2343 solebant
1149 2303 1251 2354 rapere.

143 2370 213 2421 Nam
225 2372 353 2436 ejusmodi
364 2372 481 2422 semirasi
494 2380 578 2437 erunt,
589 2374 633 2438 qni
645 2373 677 2423 ad
718 2372 840 2422 Romirez.

539 2633 745 2698 CARMEN
769 2632 851 2696 LX.

178 2830 334 2882 lMoutibus
349 2828 493 2894 Libystinis]
518 2829 600 2880 Male.
618 2832 688 2895 Lege
737 2829 823 2880 umas!
842 2830 906 2880 Stoi.

144 2912 296 2977 Libystinis:
317 2917 355 2973 ut,
376 2912 426 2960 ‘et
445 2911 514 2974 pelle
536 2910 686 2974 Libystidos

530 3091 737 3160 CARMEN
760 3093 863 3160 LXI.

180 3297 681 3360 1CollisoHelicouei]A.'licidahoc
720 3299 820 3350 Dioaeoe
838 3296 920 3359 matri,
938 3308 990 3344 non
1010 3292 1138 3342 Dionaeae.
1168 3294 1254 3358 Διώνη,

121 3414 126 3419 .
146 3390 243 3441 genere
260 3375 380 3424 carminis
395 3375 556 3439 Hymenaeon
568 3374 681 3437 scripsit.
721 3373 862 3434 muriunt
872 3366 1254 3433 nuruumnuvulmmem.

145 3452 251 3515 Sappho
262 3464 312 3498 non
324 3450 497 3513 Hymenaeo,
512 3449 559 3500 sed
577 3450 683 3512 Epitba-
756 3454 785 3499 15
804 3448 917 3510 Piraeum]
936 3449 996 3497 Non
1007 3447 1127 3510 Spissum.
1153 3446 1255 3495 Seneca

145 3529 251 3578 lamion.
294 3526 400 3575 Servius
422 3527 536 3575 nondum
561 3542 681 3590 excusus,
721 3524 833 3576 Medea:
852 3522 991 3573 ‘Cartdida
1008 3520 1147 3585 thyrsigeri
1167 3521 1254 3584 proles

145 3601 292 3667 ‘Sappbo,'
311 3602 405 3665 iuquit,
422 3602 470 3650 ‘in
488 3602 565 3664 libro,
585 3602 630 3665 qui
647 3602 683 3650 in·
723 3615 848 3667 generosa
859 3599 941 3664 Lyaei,
955 3597 1112 3648 Multifidam
1124 3596 1178 3660 jana
1190 3601 1255 3645 tem·

147 3679 282 3740 scribitur,
299 3675 458 3738 ’Eriiiaapor
476 3679 545 3742 χαῖρε
561 3676 586 3726 δὲ
596 3676 683 3740 νύμφα,
723 3689 771 3740 pus
781 3680 840 3724 erat
848 3673 1009 3723 succendere
1025 3673 1123 3736 pinum.
1150 3672 1254 3720 Excute

147 3757 220 3818 xaipe
230 3753 292 3815 alpis
301 3752 403 3818 γαμβρέ.
421 3755 497 3806 Quod
510 3760 537 3803 et
546 3755 630 3817 ipsum
642 3761 683 3804 est
723 3753 853 3801 solennem
866 3751 954 3815 digitis
969 3748 1145 3799 marcentibus
1159 3747 1254 3810 ignem.

146 3831 263 3895 ejusdem
276 3831 376 3893 generis
387 3837 507 3880 metrum.
535 3830 600 3880 Saul.
721 3828 802 3877 Festa
813 3826 889 3877 dicax
905 3826 997 3875 farndut
1012 3823 1131 3874 conuicia
1145 3824 1254 3872 Fescen·

180 3906 316 3969 Heliconii]
325 3907 419 3968 Vetus,
428 3906 560 3955 Heliconii.
577 3905 620 3955 Ita
629 3920 682 3954 om·
721 3902 816 3952 ninus!
838 3903 877 3951 At
887 3901 933 3967 qui
943 3900 1055 3963 Spirensis
1065 3896 1255 3959 imponebant,

145 3983 208 4034 uino
219 3982 335 4031 scribere
350 3983 491 4030 necessitas
504 3981 625 4031 carminis
640 3997 683 4031 co·
722 3978 813 4027 dicant
830 3977 901 4037 mibi,
921 3975 967 4023 nbi
987 3972 1103 4022 viderint
1118 3971 1214 4021 tradant
1228 3971 1255 4021 in

147 4060 194 4123 git.
209 4057 365 4121 Ἑλικώνιον,
374 4056 683 4120 Ἕλικῶνοονιζοκλώπειον,
721 4053 874 4117 apiumque
887 4050 1046 4114 propriaest
1060 4045 1254 4098 resiniteramm

149 4133 298 4185 Κυκλώπων.
308 4136 316 4163 ‘
328 4149 373 4183 roa
383 4141 411 4182 et
419 4134 550 4198 Cyclopea
560 4147 622 4182 saxa
631 4134 683 4181 Ex·
722 4129 851 4179 arborum.
871 4127 946 4177 Idem.

149 4213 238 4278 perti!
275 4213 318 4263 Sic
343 4210 459 4275 miratos,
477 4209 584 4262 Διόνεον·
609 4209 684 4261 Sarra
755 4201 868 4267 linum]
885 4202 944 4255 iloc
965 4201 1022 4259 loco
1040 4199 1178 4256 Palladius
1191 4202 1255 4255 Fus-
