<?xml version="1.0" encoding="UTF-8"?>
<!DOCTYPE html PUBLIC "-//W3C//DTD XHTML 1.0 Transitional//EN"
    "http://www.w3.org/TR/xhtml1/DTD/xhtml1-transitional.dtd">
<html xmlns="http://www.w3.org/1999/xhtml" xml:lang="en" lang="en">
 <head>
  <title>
</title>
<meta http-equiv="Content-Type" content="text/html;charset=utf-8" />
  <meta name='ocr-system' content='tesseract 3.04.00' />
  <meta name='ocr-capabilities' content='ocr_page ocr_carea ocr_par ocr_line ocrx_word'/>
</head>
<body>
  <div class='ocr_page' id='page_1' title='image "./cvaleriicatulli00catugoog/cvaleriicatulli00catugoog_0300.png"; bbox 0 0 2774 4702; ppageno 0'>
   <div class='ocr_carea' id='block_1_1' title="bbox 498 342 808 391">
    <p class='ocr_par' dir='ltr' id='par_1_1' title="bbox 498 342 808 391">
     <span class='ocr_line' id='line_1_1' title="bbox 498 342 808 391; baseline -0.006 0"><span class='ocrx_word' id='word_1_1' title='bbox 498 342 655 391; x_wconf 78' lang='lat' dir='ltr'><strong>GARMBN</strong></span> <span class='ocrx_word' id='word_1_2' title='bbox 681 342 808 391; x_wconf 74' lang='lat' dir='ltr'><strong>oxxn.</strong></span> 
     </span>
    </p>
   </div>
   <div class='ocr_carea' id='block_1_2' title="bbox 147 481 1238 1070">
    <p class='ocr_par' dir='ltr' id='par_1_2' title="bbox 147 481 982 668">
     <span class='ocr_line' id='line_1_2' title="bbox 147 481 982 568; baseline 0.001 -20"><span class='ocrx_word' id='word_1_3' title='bbox 147 481 266 548; x_wconf 88' lang='lat' dir='ltr'><strong>Dilexi</strong></span> <span class='ocrx_word' id='word_1_4' title='bbox 280 487 350 546; x_wconf 87' lang='lat' dir='ltr'><strong>turn</strong></span> <span class='ocrx_word' id='word_1_5' title='bbox 364 487 409 561; x_wconf 89' lang='lat' dir='ltr'><strong>tc,</strong></span> <span class='ocrx_word' id='word_1_6' title='bbox 423 502 489 548; x_wconf 93' lang='lat' dir='ltr'><strong>nou</strong></span> <span class='ocrx_word' id='word_1_7' title='bbox 503 489 628 549; x_wconf 85' lang='lat' dir='ltr'><strong>tautum</strong></span> <span class='ocrx_word' id='word_1_8' title='bbox 645 489 682 548; x_wconf 92' lang='lat' dir='ltr'><strong>ut</strong></span> <span class='ocrx_word' id='word_1_9' title='bbox 696 486 813 568; x_wconf 82' lang='lat' dir='ltr'><strong>vulgus</strong></span> <span class='ocrx_word' id='word_1_10' title='bbox 828 485 982 565; x_wconf 81' lang='lat' dir='ltr'><strong>amicam,</strong></span> 
     </span>
     <span class='ocr_line' id='line_1_3' title="bbox 191 583 880 668; baseline 0.003 -23"><span class='ocrx_word' id='word_1_11' title='bbox 191 583 258 648; x_wconf 85' lang='lat' dir='ltr'><strong>Sed</strong></span> <span class='ocrx_word' id='word_1_12' title='bbox 271 590 366 666; x_wconf 80' lang='lat' dir='ltr'><strong>pater</strong></span> <span class='ocrx_word' id='word_1_13' title='bbox 379 591 417 647; x_wconf 90' lang='lat' dir='ltr'><strong>ut</strong></span> <span class='ocrx_word' id='word_1_14' title='bbox 433 590 550 666; x_wconf 82' lang='lat' dir='ltr'><strong>gnatos</strong></span> <span class='ocrx_word' id='word_1_15' title='bbox 565 585 671 668; x_wconf 82' lang='lat' dir='ltr'><strong>diligit</strong></span> <span class='ocrx_word' id='word_1_16' title='bbox 684 590 720 649; x_wconf 87' lang='lat' dir='ltr'><strong>et</strong></span> <span class='ocrx_word' id='word_1_17' title='bbox 732 604 880 666; x_wconf 85' lang='lat' dir='ltr'><strong>generos.</strong></span> 
     </span>
    </p>

    <p class='ocr_par' dir='ltr' id='par_1_3' title="bbox 147 683 1238 851">
     <span class='ocr_line' id='line_1_4' title="bbox 147 683 1238 768; baseline 0.005 -22"><span class='ocrx_word' id='word_1_18' title='bbox 147 683 246 749; x_wconf 90' lang='lat' dir='ltr'><strong>Nunc</strong></span> <span class='ocrx_word' id='word_1_19' title='bbox 262 690 293 748; x_wconf 82' lang='lat' dir='ltr'><strong>te</strong></span> <span class='ocrx_word' id='word_1_20' title='bbox 307 686 460 767; x_wconf 86' lang='lat' dir='ltr'><strong>cognovi.</strong></span> <span class='ocrx_word' id='word_1_21' title='bbox 505 684 631 763; x_wconf 81' lang='lat' dir='ltr'><strong>Quare,</strong></span> <span class='ocrx_word' id='word_1_22' title='bbox 645 686 707 750; x_wconf 88' lang='lat' dir='ltr'><strong>etsi</strong></span> <span class='ocrx_word' id='word_1_23' title='bbox 721 686 903 768; x_wconf 84' lang='lat' dir='ltr'><strong>impensius</strong></span> <span class='ocrx_word' id='word_1_24' title='bbox 918 706 1005 765; x_wconf 88' lang='lat' dir='ltr'><strong>uror,</strong></span> <span class='ocrx_word' id='word_1_25' title='bbox 1176 690 1199 752; x_wconf 81' lang='lat'>5</span> <span class='ocrx_word' id='word_1_26' title='bbox 1234 730 1238 736; x_wconf 91' lang='lat'>-</span> 
     </span>
     <span class='ocr_line' id='line_1_5' title="bbox 188 783 824 851; baseline 0.003 -4"><span class='ocrx_word' id='word_1_27' title='bbox 188 783 300 849; x_wconf 89' lang='lat' dir='ltr'><strong>Multo</strong></span> <span class='ocrx_word' id='word_1_28' title='bbox 314 786 362 848; x_wconf 90' lang='lat' dir='ltr'><strong>mi</strong></span> <span class='ocrx_word' id='word_1_29' title='bbox 375 791 484 849; x_wconf 83' lang='lat' dir='ltr'><strong>tamen</strong></span> <span class='ocrx_word' id='word_1_30' title='bbox 498 804 536 849; x_wconf 86' lang='lat' dir='ltr'><strong>es</strong></span> <span class='ocrx_word' id='word_1_31' title='bbox 549 786 649 851; x_wconf 82' lang='lat' dir='ltr'><strong>vilior</strong></span> <span class='ocrx_word' id='word_1_32' title='bbox 662 793 697 850; x_wconf 87' lang='lat' dir='ltr'><strong>ot</strong></span> <span class='ocrx_word' id='word_1_33' title='bbox 709 786 824 850; x_wconf 88' lang='lat' dir='ltr'><strong>levior.</strong></span> 
     </span>
    </p>

    <p class='ocr_par' dir='ltr' id='par_1_4' title="bbox 147 883 1109 1070">
     <span class='ocr_line' id='line_1_6' title="bbox 147 883 1109 975; baseline 0.005 -28"><span class='ocrx_word' id='word_1_34' title='bbox 147 883 217 962; x_wconf 86' lang='lat' dir='ltr'><strong>Qui</strong></span> <span class='ocrx_word' id='word_1_35' title='bbox 231 886 322 975; x_wconf 82' lang='lat' dir='ltr'><strong>potis</strong></span> <span class='ocrx_word' id='word_1_36' title='bbox 336 887 406 949; x_wconf 83' lang='lat' dir='ltr'><strong>estt</strong></span> <span class='ocrx_word' id='word_1_37' title='bbox 428 887 550 971; x_wconf 85' lang='lat' dir='ltr'><strong>inquis.</strong></span> <span class='ocrx_word' id='word_1_38' title='bbox 595 887 697 966; x_wconf 85' lang='lat' dir='ltr'><strong>Quod</strong></span> <span class='ocrx_word' id='word_1_39' title='bbox 712 894 877 951; x_wconf 84' lang='lat' dir='ltr'><strong>amantem</strong></span> <span class='ocrx_word' id='word_1_40' title='bbox 891 887 1017 971; x_wconf 80' lang='lat' dir='ltr'><strong>injurio</strong></span> <span class='ocrx_word' id='word_1_41' title='bbox 1031 887 1109 952; x_wconf 83' lang='lat' dir='ltr'><strong>talis</strong></span> 
     </span>
     <span class='ocr_line' id='line_1_7' title="bbox 189 984 959 1070; baseline 0.004 -22"><span class='ocrx_word' id='word_1_42' title='bbox 189 984 290 1067; x_wconf 87' lang='lat' dir='ltr'><strong>Cogit</strong></span> <span class='ocrx_word' id='word_1_43' title='bbox 304 1006 413 1051; x_wconf 77' lang='lat' dir='ltr'><strong>amam</strong></span> <span class='ocrx_word' id='word_1_44' title='bbox 427 989 547 1070; x_wconf 78' lang='lat' dir='ltr'><strong>magis,</strong></span> <span class='ocrx_word' id='word_1_45' title='bbox 562 987 624 1052; x_wconf 84' lang='lat' dir='ltr'><strong>sed</strong></span> <span class='ocrx_word' id='word_1_46' title='bbox 639 989 727 1052; x_wconf 85' lang='lat' dir='ltr'><strong>bene</strong></span> <span class='ocrx_word' id='word_1_47' title='bbox 742 987 830 1054; x_wconf 83' lang='lat' dir='ltr'><strong>vello</strong></span> <span class='ocrx_word' id='word_1_48' title='bbox 844 989 959 1052; x_wconf 85' lang='lat' dir='ltr'><strong>minus.</strong></span> 
     </span>
    </p>
   </div>
   <div class='ocr_carea' id='block_1_3' title="bbox 101 1148 1200 1468">
    <p class='ocr_par' dir='ltr' id='par_1_5' title="bbox 101 1148 1200 1468">
     <span class='ocr_line' id='line_1_8' title="bbox 101 1148 1199 1215; baseline 0.003 -17"><span class='ocrx_word' id='word_1_49' title='bbox 101 1152 187 1199; x_wconf 71' lang='lat' dir='ltr'><strong>docem</strong></span> <span class='ocrx_word' id='word_1_50' title='bbox 195 1150 279 1212; x_wconf 90' lang='lat' dir='ltr'><strong>ipsum</strong></span> <span class='ocrx_word' id='word_1_51' title='bbox 287 1150 346 1199; x_wconf 76' lang='lat' dir='ltr'><strong>milri</strong></span> <span class='ocrx_word' id='word_1_52' title='bbox 354 1148 477 1213; x_wconf 75' lang='lat' dir='ltr'><strong>proeferre.</strong></span> <span class='ocrx_word' id='word_1_53' title='bbox 510 1151 596 1200; x_wconf 78' lang='lat' dir='ltr'><strong>Amasi</strong></span> <span class='ocrx_word' id='word_1_54' title='bbox 605 1156 630 1201; x_wconf 81' lang='lat' dir='ltr'><strong>ts</strong></span> <span class='ocrx_word' id='word_1_55' title='bbox 640 1156 696 1201; x_wconf 78' lang='lat' dir='ltr'><strong>tunc</strong></span> <span class='ocrx_word' id='word_1_56' title='bbox 706 1152 876 1214; x_wconf 65' lang='lat' dir='ltr'><strong>temporinam</strong></span> <span class='ocrx_word' id='word_1_57' title='bbox 883 1153 949 1201; x_wconf 82' lang='lat' dir='ltr'><strong>modo</strong></span> <span class='ocrx_word' id='word_1_58' title='bbox 956 1157 1069 1215; x_wconf 73' lang='lat' dir='ltr'><strong>quantum</strong></span> <span class='ocrx_word' id='word_1_59' title='bbox 1079 1152 1199 1214; x_wconf 69' lang='lat' dir='ltr'><strong>numquit-</strong></span> 
     </span>
     <span class='ocr_line' id='line_1_9' title="bbox 102 1213 1200 1279; baseline 0.003 -17"><span class='ocrx_word' id='word_1_60' title='bbox 102 1229 146 1276; x_wconf 75' lang='lat' dir='ltr'><strong>que</strong></span> <span class='ocrx_word' id='word_1_61' title='bbox 156 1213 241 1274; x_wconf 75' lang='lat' dir='ltr'><strong>diligit</strong></span> <span class='ocrx_word' id='word_1_62' title='bbox 248 1215 346 1262; x_wconf 79' lang='lat' dir='ltr'><strong>amicam</strong></span> <span class='ocrx_word' id='word_1_63' title='bbox 356 1231 365 1271; x_wconf 86' lang='lat'><strong>,·</strong></span> <span class='ocrx_word' id='word_1_64' title='bbox 380 1217 461 1262; x_wconf 77' lang='lat' dir='ltr'><strong>cerum</strong></span> <span class='ocrx_word' id='word_1_65' title='bbox 471 1214 543 1262; x_wconf 68' lang='lat' dir='ltr'><strong>mium</strong></span> <span class='ocrx_word' id='word_1_66' title='bbox 553 1219 664 1277; x_wconf 71' lang='lat' dir='ltr'><strong>precntum</strong></span> <span class='ocrx_word' id='word_1_67' title='bbox 672 1229 758 1276; x_wconf 80' lang='lat' dir='ltr'><strong>parens</strong></span> <span class='ocrx_word' id='word_1_68' title='bbox 765 1215 900 1279; x_wconf 81' lang='lat' dir='ltr'><strong>omotfllios</strong></span> <span class='ocrx_word' id='word_1_69' title='bbox 908 1231 936 1265; x_wconf 80' lang='lat' dir='ltr'><strong>ec</strong></span> <span class='ocrx_word' id='word_1_70' title='bbox 942 1230 1047 1278; x_wconf 76' lang='lat' dir='ltr'><strong>generos.</strong></span> <span class='ocrx_word' id='word_1_71' title='bbox 1072 1217 1129 1264; x_wconf 81' lang='lat' dir='ltr'><strong>Jcm</strong></span> <span class='ocrx_word' id='word_1_72' title='bbox 1138 1230 1200 1265; x_wconf 79' lang='lat' dir='ltr'><strong>vero</strong></span> 
     </span>
     <span class='ocr_line' id='line_1_10' title="bbox 102 1275 1200 1341; baseline 0.002 -16"><span class='ocrx_word' id='word_1_73' title='bbox 102 1282 127 1325; x_wconf 80' lang='lat' dir='ltr'><strong>tr</strong></span> <span class='ocrx_word' id='word_1_74' title='bbox 137 1284 247 1338; x_wconf 79' lang='lat' dir='ltr'><strong>tuasque</strong></span> <span class='ocrx_word' id='word_1_75' title='bbox 255 1275 429 1326; x_wconf 80' lang='lat' dir='ltr'><strong>freudesnooi:</strong></span> <span class='ocrx_word' id='word_1_76' title='bbox 442 1280 502 1325; x_wconf 76' lang='lat' dir='ltr'><strong>ende</strong></span> <span class='ocrx_word' id='word_1_77' title='bbox 509 1279 800 1340; x_wconf 71' lang='lat' dir='ltr'><strong>quanqmnoetemmtm</strong></span> <span class='ocrx_word' id='word_1_78' title='bbox 810 1279 925 1328; x_wconf 80' lang='lat' dir='ltr'><strong>ordeotul</strong></span> <span class='ocrx_word' id='word_1_79' title='bbox 934 1293 1038 1341; x_wconf 75' lang='lat' dir='ltr'><strong>emore3</strong></span> <span class='ocrx_word' id='word_1_80' title='bbox 1049 1280 1200 1328; x_wconf 74' lang='lat' dir='ltr'><strong>nititomw</strong></span> 
     </span>
     <span class='ocr_line' id='line_1_11' title="bbox 102 1340 1200 1406; baseline 0.004 -19"><span class='ocrx_word' id='word_1_81' title='bbox 102 1341 170 1401; x_wconf 77' lang='lat' dir='ltr'><strong>longe</strong></span> <span class='ocrx_word' id='word_1_82' title='bbox 181 1340 240 1388; x_wconf 74' lang='lat' dir='ltr'><strong>milet</strong></span> <span class='ocrx_word' id='word_1_83' title='bbox 249 1341 377 1402; x_wconf 79' lang='lat' dir='ltr'><strong>despectior</strong></span> <span class='ocrx_word' id='word_1_84' title='bbox 387 1355 412 1388; x_wconf 84' lang='lat' dir='ltr'><strong>es</strong></span> <span class='ocrx_word' id='word_1_85' title='bbox 422 1347 445 1388; x_wconf 81' lang='lat' dir='ltr'><strong>ct</strong></span> <span class='ocrx_word' id='word_1_86' title='bbox 456 1341 585 1402; x_wconf 73' lang='lat' dir='ltr'><strong>indignior.</strong></span> <span class='ocrx_word' id='word_1_87' title='bbox 619 1343 737 1397; x_wconf 76' lang='lat' dir='ltr'><strong>Quomodo</strong></span> <span class='ocrx_word' id='word_1_88' title='bbox 747 1341 796 1390; x_wconf 89' lang='lat' dir='ltr'><strong>hoc</strong></span> <span class='ocrx_word' id='word_1_89' title='bbox 810 1346 887 1404; x_wconf 80' lang='lat' dir='ltr'><strong>potest</strong></span> <span class='ocrx_word' id='word_1_90' title='bbox 895 1341 973 1406; x_wconf 73' lang='lat' dir='ltr'><strong>fieri?</strong></span> <span class='ocrx_word' id='word_1_91' title='bbox 989 1344 1033 1392; x_wconf 81' lang='lat' dir='ltr'><strong>ais.</strong></span> <span class='ocrx_word' id='word_1_92' title='bbox 1059 1343 1123 1398; x_wconf 72' lang='lat' dir='ltr'><strong>Qum</strong></span> <span class='ocrx_word' id='word_1_93' title='bbox 1138 1343 1200 1404; x_wconf 78' lang='lat' dir='ltr'><strong>ejus·</strong></span> 
     </span>
     <span class='ocr_line' id='line_1_12' title="bbox 102 1403 973 1468; baseline 0.003 -16"><span class='ocrx_word' id='word_1_94' title='bbox 102 1403 167 1452; x_wconf 76' lang='lat' dir='ltr'><strong>modi</strong></span> <span class='ocrx_word' id='word_1_95' title='bbox 176 1403 265 1464; x_wconf 70' lang='lat' dir='ltr'><strong>irpiuric</strong></span> <span class='ocrx_word' id='word_1_96' title='bbox 274 1403 390 1466; x_wconf 79' lang='lat' dir='ltr'><strong>compellit</strong></span> <span class='ocrx_word' id='word_1_97' title='bbox 401 1408 528 1453; x_wconf 75' lang='lat' dir='ltr'><strong>amatorem</strong></span> <span class='ocrx_word' id='word_1_98' title='bbox 535 1407 588 1468; x_wconf 74' lang='lat' dir='ltr'><strong>ptus</strong></span> <span class='ocrx_word' id='word_1_99' title='bbox 598 1405 708 1468; x_wconf 77' lang='lat' dir='ltr'><strong>diligere,</strong></span> <span class='ocrx_word' id='word_1_100' title='bbox 719 1409 745 1454; x_wconf 81' lang='lat' dir='ltr'><strong>ot</strong></span> <span class='ocrx_word' id='word_1_101' title='bbox 755 1405 832 1453; x_wconf 72' lang='lat' dir='ltr'><strong>minue</strong></span> <span class='ocrx_word' id='word_1_102' title='bbox 843 1404 899 1454; x_wconf 76' lang='lat' dir='ltr'><strong>bene</strong></span> <span class='ocrx_word' id='word_1_103' title='bbox 908 1406 973 1455; x_wconf 81' lang='lat' dir='ltr'><strong>nelle.</strong></span> 
     </span>
    </p>
   </div>
   <div class='ocr_carea' id='block_1_4' title="bbox 562 1530 742 1550">
    <p class='ocr_par' dir='ltr' id='par_1_6' title="bbox 562 1530 742 1550">
     <span class='ocr_line' id='line_1_13' title="bbox 562 1530 742 1550; baseline 0 -1"><span class='ocrx_word' id='word_1_104' title='bbox 562 1530 742 1550; x_wconf 59' lang='lat' dir='ltr'><strong>om</strong></span> 
     </span>
    </p>
   </div>
   <div class='ocr_carea' id='block_1_5' title="bbox 31 1609 1206 2433">
    <p class='ocr_par' dir='ltr' id='par_1_7' title="bbox 31 1609 1206 2433">
     <span class='ocr_line' id='line_1_14' title="bbox 137 1609 1200 1672; baseline 0 -11"><span class='ocrx_word' id='word_1_105' title='bbox 137 1610 200 1661; x_wconf 82' lang='lat' dir='ltr'><strong>o1n</strong></span> <span class='ocrx_word' id='word_1_106' title='bbox 219 1611 286 1661; x_wconf 76' lang='lat' dir='ltr'><strong>stat.</strong></span> <span class='ocrx_word' id='word_1_107' title='bbox 309 1611 385 1660; x_wconf 91' lang='lat' dir='ltr'><strong>codd.</strong></span> <span class='ocrx_word' id='word_1_108' title='bbox 400 1611 488 1659; x_wconf 81' lang='lat' dir='ltr'><strong>&#39;Melta</strong></span> <span class='ocrx_word' id='word_1_109' title='bbox 509 1611 545 1659; x_wconf 76' lang='lat' dir='ltr'><strong>itu</strong></span> <span class='ocrx_word' id='word_1_110' title='bbox 561 1625 598 1658; x_wconf 86' lang='lat' dir='ltr'><strong>me</strong></span> <span class='ocrx_word' id='word_1_111' title='bbox 616 1625 658 1658; x_wconf 81' lang='lat' dir='ltr'><strong>nec</strong></span> <span class='ocrx_word' id='word_1_112' title='bbox 675 1609 761 1666; x_wconf 61' lang='lat' dir='ltr'><strong>nilion</strong></span> <span class='ocrx_word' id='word_1_113' title='bbox 780 1611 830 1672; x_wconf 84' lang='lat' dir='ltr'><strong>rel,</strong></span> <span class='ocrx_word' id='word_1_114' title='bbox 847 1611 1022 1660; x_wconf 78' lang='lat' dir='ltr'><strong>Mottoitcnec</strong></span> <span class='ocrx_word' id='word_1_115' title='bbox 1032 1612 1200 1669; x_wconf 60' lang='lat' dir='ltr'><strong>meridien-in</strong></span> 
     </span>
     <span class='ocr_line' id='line_1_15' title="bbox 104 1673 1201 1738; baseline 0.001 -14"><span class='ocrx_word' id='word_1_116' title='bbox 104 1677 199 1724; x_wconf 87' lang='lat' dir='ltr'><strong>Venet.</strong></span> <span class='ocrx_word' id='word_1_117' title='bbox 210 1689 250 1723; x_wconf 84' lang='lat' dir='ltr'><strong>en.</strong></span> <span class='ocrx_word' id='word_1_118' title='bbox 269 1679 342 1724; x_wconf 70' lang='lat'><strong>149³.</strong></span> <span class='ocrx_word' id='word_1_119' title='bbox 373 1675 449 1722; x_wconf 78' lang='lat' dir='ltr'><strong>Metto</strong></span> <span class='ocrx_word' id='word_1_120' title='bbox 459 1675 495 1723; x_wconf 80' lang='lat' dir='ltr'><strong>ito</strong></span> <span class='ocrx_word' id='word_1_121' title='bbox 506 1678 533 1722; x_wconf 76' lang='lat' dir='ltr'><strong>tu</strong></span> <span class='ocrx_word' id='word_1_122' title='bbox 546 1688 606 1722; x_wconf 81' lang='lat' dir='ltr'><strong>nunc</strong></span> <span class='ocrx_word' id='word_1_123' title='bbox 618 1688 672 1730; x_wconf 51' lang='grc' dir='ltr'><strong>ηιμ·</strong></span> <span class='ocrx_word' id='word_1_124' title='bbox 692 1673 799 1737; x_wconf 83' lang='lat' dir='ltr'><strong>antique</strong></span> <span class='ocrx_word' id='word_1_125' title='bbox 816 1681 901 1723; x_wconf 83' lang='lat' dir='ltr'><strong>eutem</strong></span> <span class='ocrx_word' id='word_1_126' title='bbox 912 1689 949 1723; x_wconf 80' lang='lat' dir='ltr'><strong>ms</strong></span> <span class='ocrx_word' id='word_1_127' title='bbox 960 1689 1007 1737; x_wconf 93' lang='lat' dir='ltr'><strong>pro</strong></span> <span class='ocrx_word' id='word_1_128' title='bbox 1018 1675 1078 1723; x_wconf 81' lang='lat' dir='ltr'><strong>milri</strong></span> <span class='ocrx_word' id='word_1_129' title='bbox 1088 1677 1201 1738; x_wconf 84' lang='lat' dir='ltr'><strong>positum</strong></span> 
     </span>
     <span class='ocr_line' id='line_1_16' title="bbox 104 1735 1201 1790; baseline -0.002 -2"><span class='ocrx_word' id='word_1_130' title='bbox 104 1737 293 1788; x_wconf 79' lang='lat' dir='ltr'><strong>esseobserret</strong></span> <span class='ocrx_word' id='word_1_131' title='bbox 305 1738 396 1787; x_wconf 82' lang='lat' dir='ltr'><strong>Parth.</strong></span> <span class='ocrx_word' id='word_1_132' title='bbox 430 1737 673 1786; x_wconf 79' lang='lat' dir='ltr'><strong>Muttor&#39;tcnemt&#39;tu</strong></span> <span class='ocrx_word' id='word_1_133' title='bbox 684 1735 863 1789; x_wconf 65' lang='lat' dir='ltr'><strong>nominoio.</strong></span> <span class='ocrx_word' id='word_1_134' title='bbox 881 1742 905 1787; x_wconf 88' lang='lat'><strong>1.</strong></span> <span class='ocrx_word' id='word_1_135' title='bbox 931 1739 1011 1787; x_wconf 79' lang='lat' dir='ltr'><strong>Multo</strong></span> <span class='ocrx_word' id='word_1_136' title='bbox 1025 1741 1061 1787; x_wconf 79' lang='lat' dir='ltr'><strong>tta</strong></span> <span class='ocrx_word' id='word_1_137' title='bbox 1075 1736 1201 1790; x_wconf 63' lang='lat' dir='ltr'><strong>memte</strong></span> 
     </span>
     <span class='ocr_line' id='line_1_17' title="bbox 104 1799 1206 1865; baseline -0.001 -13"><span class='ocrx_word' id='word_1_138' title='bbox 104 1803 175 1852; x_wconf 77' lang='lat' dir='ltr'><strong>vilior</strong></span> <span class='ocrx_word' id='word_1_139' title='bbox 190 1802 216 1849; x_wconf 92' lang='lat' dir='ltr'><strong>in</strong></span> <span class='ocrx_word' id='word_1_140' title='bbox 228 1800 289 1850; x_wconf 83' lang='lat' dir='ltr'><strong>Ald.</strong></span> <span class='ocrx_word' id='word_1_141' title='bbox 301 1805 325 1850; x_wconf 76' lang='lat'><strong>2.</strong></span> <span class='ocrx_word' id='word_1_142' title='bbox 337 1801 404 1850; x_wconf 78' lang='lat' dir='ltr'><strong>Stet.</strong></span> <span class='ocrx_word' id='word_1_143' title='bbox 414 1807 442 1849; x_wconf 85' lang='lat' dir='ltr'><strong>ct</strong></span> <span class='ocrx_word' id='word_1_144' title='bbox 453 1801 518 1848; x_wconf 81' lang='lat' dir='ltr'><strong>eliis.</strong></span> <span class='ocrx_word' id='word_1_145' title='bbox 546 1799 637 1849; x_wconf 87' lang='lat' dir='ltr'><strong>Lectio</strong></span> <span class='ocrx_word' id='word_1_146' title='bbox 648 1806 737 1848; x_wconf 78' lang='lat' dir='ltr'><strong>nostra</strong></span> <span class='ocrx_word' id='word_1_147' title='bbox 754 1800 781 1847; x_wconf 90' lang='lat' dir='ltr'><strong>in</strong></span> <span class='ocrx_word' id='word_1_148' title='bbox 792 1800 862 1850; x_wconf 78' lang='lat' dir='ltr'><strong>Scel.</strong></span> <span class='ocrx_word' id='word_1_149' title='bbox 872 1800 962 1851; x_wconf 76' lang='lat' dir='ltr'><strong>Grnr.</strong></span> <span class='ocrx_word' id='word_1_150' title='bbox 973 1802 1047 1852; x_wconf 87' lang='lat' dir='ltr'><strong>Voss.</strong></span> <span class='ocrx_word' id='word_1_151' title='bbox 1062 1803 1139 1865; x_wconf 88' lang='lat' dir='ltr'><strong>Vulp.</strong></span> <span class='ocrx_word' id='word_1_152' title='bbox 1156 1803 1206 1860; x_wconf 83' lang='lat' dir='ltr'><strong>ed.</strong></span> 
     </span>
     <span class='ocr_line' id='line_1_18' title="bbox 105 1862 1201 1940; baseline 0.002 -26"><span class='ocrx_word' id='word_1_153' title='bbox 105 1879 182 1914; x_wconf 80' lang='lat' dir='ltr'><strong>enon.</strong></span> <span class='ocrx_word' id='word_1_154' title='bbox 194 1871 222 1914; x_wconf 87' lang='lat' dir='ltr'><strong>et</strong></span> <span class='ocrx_word' id='word_1_155' title='bbox 233 1866 291 1940; x_wconf 80' lang='lat' dir='ltr'><strong>ltip.</strong></span> <span class='ocrx_word' id='word_1_156' title='bbox 303 1865 358 1927; x_wconf 82' lang='lat' dir='ltr'><strong>jorn</strong></span> <span class='ocrx_word' id='word_1_157' title='bbox 370 1872 487 1925; x_wconf 82' lang='lat' dir='ltr'><strong>recepte,</strong></span> <span class='ocrx_word' id='word_1_158' title='bbox 498 1863 615 1912; x_wconf 77' lang='lat' dir='ltr'><strong>Guarino</strong></span> <span class='ocrx_word' id='word_1_159' title='bbox 631 1862 844 1919; x_wconf 61' lang='lat' dir='ltr'><strong>P.,debetor.—t</strong></span> <span class='ocrx_word' id='word_1_160' title='bbox 860 1863 891 1912; x_wconf 88' lang='lat' dir='ltr'><strong>ln</strong></span> <span class='ocrx_word' id='word_1_161' title='bbox 902 1862 977 1913; x_wconf 74' lang='lat' dir='ltr'><strong>Mtff.</strong></span> <span class='ocrx_word' id='word_1_162' title='bbox 989 1865 1008 1915; x_wconf 94' lang='lat' dir='ltr'><strong>l.</strong></span> <span class='ocrx_word' id='word_1_163' title='bbox 1026 1866 1075 1920; x_wconf 73' lang='lat' dir='ltr'><strong>Qui</strong></span> <span class='ocrx_word' id='word_1_164' title='bbox 1084 1866 1148 1929; x_wconf 80' lang='lat' dir='ltr'><strong>potis</strong></span> <span class='ocrx_word' id='word_1_165' title='bbox 1156 1872 1201 1930; x_wconf 83' lang='lat' dir='ltr'><strong>est,</strong></span> 
     </span>
     <span class='ocr_line' id='line_1_19' title="bbox 31 1926 1202 2005; baseline 0 -27"><span class='ocrx_word' id='word_1_166' title='bbox 31 1980 33 1983; x_wconf 73' lang='grc'><em>,</em></span> <span class='ocrx_word' id='word_1_167' title='bbox 105 1936 135 2005; x_wconf 74' lang='lat' dir='ltr'><strong>nt</strong></span> <span class='ocrx_word' id='word_1_168' title='bbox 146 1928 200 2003; x_wconf 72' lang='lat' dir='ltr'><strong>legi</strong></span> <span class='ocrx_word' id='word_1_169' title='bbox 212 1928 292 1991; x_wconf 87' lang='lat' dir='ltr'><strong>jussrt</strong></span> <span class='ocrx_word' id='word_1_170' title='bbox 304 1928 399 2002; x_wconf 68' lang='lat' dir='ltr'><strong>eluant.</strong></span> <span class='ocrx_word' id='word_1_171' title='bbox 420 1927 446 1974; x_wconf 92' lang='lat' dir='ltr'><strong>in</strong></span> <span class='ocrx_word' id='word_1_172' title='bbox 459 1927 515 2002; x_wconf 76' lang='lat' dir='ltr'><strong>aliis</strong></span> <span class='ocrx_word' id='word_1_173' title='bbox 526 1927 595 1975; x_wconf 84' lang='lat' dir='ltr'><strong>Stet.</strong></span> <span class='ocrx_word' id='word_1_174' title='bbox 607 1926 655 2000; x_wconf 66' lang='lat' dir='ltr'><strong>Qut</strong></span> <span class='ocrx_word' id='word_1_175' title='bbox 665 1927 728 1988; x_wconf 80' lang='lat' dir='ltr'><strong>potis</strong></span> <span class='ocrx_word' id='word_1_176' title='bbox 738 1940 778 1983; x_wconf 66' lang='grc' dir='ltr'><strong>ως</strong></span> <span class='ocrx_word' id='word_1_177' title='bbox 799 1927 867 2001; x_wconf 77' lang='lat' dir='ltr'><strong>uude</strong></span> <span class='ocrx_word' id='word_1_178' title='bbox 883 1927 927 2002; x_wconf 74' lang='lat' dir='ltr'><strong>ille</strong></span> <span class='ocrx_word' id='word_1_179' title='bbox 938 1929 1006 1992; x_wconf 88' lang='lat' dir='ltr'><strong>conj.</strong></span> <span class='ocrx_word' id='word_1_180' title='bbox 1024 1928 1073 1984; x_wconf 79' lang='lat' dir='ltr'><strong>Qui</strong></span> <span class='ocrx_word' id='word_1_181' title='bbox 1086 1935 1141 1992; x_wconf 82' lang='lat' dir='ltr'><strong>pote</strong></span> <span class='ocrx_word' id='word_1_182' title='bbox 1159 1930 1202 1994; x_wconf 82' lang='lat' dir='ltr'><strong>ric,</strong></span> 
     </span>
     <span class='ocr_line' id='line_1_20' title="bbox 60 1990 1203 2120; baseline 0 -15"><span class='ocrx_word' id='word_1_183' title='bbox 60 2072 63 2076; x_wconf 28' lang='grc' dir='ltr'><em>ι</em></span> <span class='ocrx_word' id='word_1_184' title='bbox 91 1990 979 2116; x_wconf 47' lang='lat' dir='ltr'><strong>stultiut.&amp;tinitlttllttt‘intttff’ttttt:</strong></span> <span class='ocrx_word' id='word_1_185' title='bbox 987 1993 1203 2120; x_wconf 54' lang='lat' dir='ltr'><strong>mittin</strong></span> 
     </span>
     <span class='ocr_line' id='line_1_21' title="bbox 104 2116 1204 2178; baseline 0.004 -12"><span class='ocrx_word' id='word_1_186' title='bbox 104 2122 278 2167; x_wconf 77' lang='lat' dir='ltr'><strong>ementem—8</strong></span> <span class='ocrx_word' id='word_1_187' title='bbox 297 2119 373 2177; x_wconf 80' lang='lat' dir='ltr'><strong>Coget</strong></span> <span class='ocrx_word' id='word_1_188' title='bbox 383 2117 408 2164; x_wconf 88' lang='lat' dir='ltr'><strong>in</strong></span> <span class='ocrx_word' id='word_1_189' title='bbox 419 2117 520 2178; x_wconf 80' lang='lat' dir='ltr'><strong>Gryph.</strong></span> <span class='ocrx_word' id='word_1_190' title='bbox 530 2117 599 2164; x_wconf 87' lang='lat' dir='ltr'><strong>Mur.</strong></span> <span class='ocrx_word' id='word_1_191' title='bbox 610 2117 687 2164; x_wconf 86' lang='lat' dir='ltr'><strong>Voss.</strong></span> <span class='ocrx_word' id='word_1_192' title='bbox 699 2121 727 2164; x_wconf 90' lang='lat' dir='ltr'><strong>et</strong></span> <span class='ocrx_word' id='word_1_193' title='bbox 738 2116 810 2176; x_wconf 81' lang='lat' dir='ltr'><strong>uliis3</strong></span> <span class='ocrx_word' id='word_1_194' title='bbox 823 2117 869 2165; x_wconf 87' lang='lat' dir='ltr'><strong>sed</strong></span> <span class='ocrx_word' id='word_1_195' title='bbox 889 2125 1003 2166; x_wconf 83' lang='lat' dir='ltr'><strong>nostram</strong></span> <span class='ocrx_word' id='word_1_196' title='bbox 1021 2120 1082 2168; x_wconf 88' lang='lat' dir='ltr'><strong>lect.</strong></span> <span class='ocrx_word' id='word_1_197' title='bbox 1097 2129 1204 2169; x_wconf 83' lang='lat' dir='ltr'><strong>serrant</strong></span> 
     </span>
     <span class='ocr_line' id='line_1_22' title="bbox 106 2178 1203 2244; baseline 0.002 -14"><span class='ocrx_word' id='word_1_198' title='bbox 106 2195 195 2230; x_wconf 88' lang='lat' dir='ltr'><strong>omnes</strong></span> <span class='ocrx_word' id='word_1_199' title='bbox 205 2182 270 2231; x_wconf 79' lang='lat' dir='ltr'><strong>stat.</strong></span> <span class='ocrx_word' id='word_1_200' title='bbox 281 2180 358 2230; x_wconf 83' lang='lat' dir='ltr'><strong>codd.</strong></span> <span class='ocrx_word' id='word_1_201' title='bbox 370 2195 427 2228; x_wconf 87' lang='lat' dir='ltr'><strong>cum</strong></span> <span class='ocrx_word' id='word_1_202' title='bbox 439 2180 498 2228; x_wconf 89' lang='lat' dir='ltr'><strong>edd.</strong></span> <span class='ocrx_word' id='word_1_203' title='bbox 509 2178 569 2228; x_wconf 84' lang='lat' dir='ltr'><strong>Ald.</strong></span> <span class='ocrx_word' id='word_1_204' title='bbox 585 2181 650 2228; x_wconf 84' lang='lat' dir='ltr'><strong>Stet</strong></span> <span class='ocrx_word' id='word_1_205' title='bbox 663 2179 733 2228; x_wconf 83' lang='lat' dir='ltr'><strong>Scel.</strong></span> <span class='ocrx_word' id='word_1_206' title='bbox 744 2179 833 2230; x_wconf 81' lang='lat' dir='ltr'><strong>Graev.</strong></span> <span class='ocrx_word' id='word_1_207' title='bbox 848 2180 926 2243; x_wconf 88' lang='lat' dir='ltr'><strong>Vulp.</strong></span> <span class='ocrx_word' id='word_1_208' title='bbox 943 2187 1059 2231; x_wconf 76' lang='lat' dir='ltr'><strong>annuet</strong></span> <span class='ocrx_word' id='word_1_209' title='bbox 1075 2182 1136 2244; x_wconf 90' lang='lat' dir='ltr'><strong>Bip.</strong></span> <span class='ocrx_word' id='word_1_210' title='bbox 1170 2183 1203 2232; x_wconf 89' lang='lat' dir='ltr'><strong>ln</strong></span> 
     </span>
     <span class='ocr_line' id='line_1_23' title="bbox 106 2242 1202 2308; baseline -0.001 -12"><span class='ocrx_word' id='word_1_211' title='bbox 106 2244 209 2308; x_wconf 76' lang='lat' dir='ltr'><strong>Gryph.</strong></span> <span class='ocrx_word' id='word_1_212' title='bbox 231 2249 255 2293; x_wconf 68' lang='lat' dir='ltr'><strong>l.</strong></span> <span class='ocrx_word' id='word_1_213' title='bbox 277 2258 337 2293; x_wconf 89' lang='lat' dir='ltr'><strong>cum</strong></span> <span class='ocrx_word' id='word_1_214' title='bbox 355 2243 405 2292; x_wconf 88' lang='lat' dir='ltr'><strong>hoc</strong></span> <span class='ocrx_word' id='word_1_215' title='bbox 428 2242 549 2293; x_wconf 81' lang='lat' dir='ltr'><strong>Carmine</strong></span> <span class='ocrx_word' id='word_1_216' title='bbox 569 2242 735 2305; x_wconf 75' lang='lat' dir='ltr'><strong>conjungitur</strong></span> <span class='ocrx_word' id='word_1_217' title='bbox 755 2243 840 2292; x_wconf 80' lang='lat' dir='ltr'><strong>cerm.</strong></span> <span class='ocrx_word' id='word_1_218' title='bbox 860 2254 960 2292; x_wconf 71' lang='lat' dir='ltr'><strong>cxxxv.</strong></span> <span class='ocrx_word' id='word_1_219' title='bbox 989 2245 1037 2293; x_wconf 84' lang='lat' dir='ltr'><strong>Odi</strong></span> <span class='ocrx_word' id='word_1_220' title='bbox 1048 2249 1143 2306; x_wconf 72' lang='lat' dir='ltr'><strong>memo,</strong></span> <span class='ocrx_word' id='word_1_221' title='bbox 1160 2247 1202 2308; x_wconf 59' lang='grc' dir='ltr'><strong>θα.</strong></span> 
     </span>
     <span class='ocr_line' id='line_1_24' title="bbox 106 2305 1201 2370; baseline 0.001 -13"><span class='ocrx_word' id='word_1_222' title='bbox 106 2310 175 2357; x_wconf 78' lang='lat' dir='ltr'><strong>Stet.</strong></span> <span class='ocrx_word' id='word_1_223' title='bbox 193 2307 278 2370; x_wconf 57' lang='lat' dir='ltr'><strong>putet.</strong></span> <span class='ocrx_word' id='word_1_224' title='bbox 295 2314 340 2356; x_wconf 81' lang='lat' dir='ltr'><strong>errt</strong></span> <span class='ocrx_word' id='word_1_225' title='bbox 358 2307 434 2355; x_wconf 86' lang='lat' dir='ltr'><strong>simul</strong></span> <span class='ocrx_word' id='word_1_226' title='bbox 449 2320 507 2355; x_wconf 87' lang='lat' dir='ltr'><strong>cnm</strong></span> <span class='ocrx_word' id='word_1_227' title='bbox 525 2306 575 2367; x_wconf 86' lang='lat' dir='ltr'><strong>his,</strong></span> <span class='ocrx_word' id='word_1_228' title='bbox 586 2314 632 2354; x_wconf 81' lang='lat' dir='ltr'><strong>eut</strong></span> <span class='ocrx_word' id='word_1_229' title='bbox 647 2306 734 2354; x_wconf 77' lang='lat' dir='ltr'><strong>statim</strong></span> <span class='ocrx_word' id='word_1_230' title='bbox 753 2311 813 2368; x_wconf 85' lang='lat' dir='ltr'><strong>post</strong></span> <span class='ocrx_word' id='word_1_231' title='bbox 827 2306 886 2368; x_wconf 86' lang='lat' dir='ltr'><strong>hos,</strong></span> <span class='ocrx_word' id='word_1_232' title='bbox 897 2305 1021 2369; x_wconf 77' lang='lat' dir='ltr'><strong>legendos</strong></span> <span class='ocrx_word' id='word_1_233' title='bbox 1038 2322 1095 2356; x_wconf 88' lang='lat' dir='ltr'><strong>esse</strong></span> <span class='ocrx_word' id='word_1_234' title='bbox 1111 2323 1201 2359; x_wconf 82' lang='lat' dir='ltr'><strong>versus</strong></span> 
     </span>
     <span class='ocr_line' id='line_1_25' title="bbox 107 2367 1203 2433; baseline -0.002 -10"><span class='ocrx_word' id='word_1_235' title='bbox 107 2373 193 2423; x_wconf 79' lang='lat' dir='ltr'><strong>Curru.</strong></span> <span class='ocrx_word' id='word_1_236' title='bbox 211 2383 295 2421; x_wconf 75' lang='lat' dir='ltr'><strong>cxxv.</strong></span> <span class='ocrx_word' id='word_1_237' title='bbox 306 2375 330 2418; x_wconf 80' lang='lat'><strong>5.</strong></span> <span class='ocrx_word' id='word_1_238' title='bbox 340 2374 348 2383; x_wconf 78' lang='grc'><strong>“</strong></span> <span class='ocrx_word' id='word_1_239' title='bbox 357 2371 429 2417; x_wconf 82' lang='lat' dir='ltr'><strong>Nunc</strong></span> <span class='ocrx_word' id='word_1_240' title='bbox 439 2372 473 2417; x_wconf 79' lang='lat' dir='ltr'><strong>est</strong></span> <span class='ocrx_word' id='word_1_241' title='bbox 484 2383 558 2430; x_wconf 81' lang='lat' dir='ltr'><strong>mens,</strong></span> <span class='ocrx_word' id='word_1_242' title='bbox 567 2371 609 2432; x_wconf 59' lang='lat' dir='ltr'><strong>dc.</strong></span> <span class='ocrx_word' id='word_1_243' title='bbox 626 2381 707 2430; x_wconf 83' lang='lat' dir='ltr'><strong>utque</strong></span> <span class='ocrx_word' id='word_1_244' title='bbox 720 2367 751 2416; x_wconf 80' lang='lat' dir='ltr'><strong>ad</strong></span> <span class='ocrx_word' id='word_1_245' title='bbox 770 2368 861 2428; x_wconf 80' lang='lat' dir='ltr'><strong>tinem3</strong></span> <span class='ocrx_word' id='word_1_246' title='bbox 884 2374 913 2417; x_wconf 90' lang='lat' dir='ltr'><strong>et</strong></span> <span class='ocrx_word' id='word_1_247' title='bbox 930 2369 1024 2419; x_wconf 85' lang='lat' dir='ltr'><strong>deinde</strong></span> <span class='ocrx_word' id='word_1_248' title='bbox 1036 2371 1102 2433; x_wconf 90' lang='lat' dir='ltr'><strong>illos,</strong></span> <span class='ocrx_word' id='word_1_249' title='bbox 1120 2373 1167 2420; x_wconf 85' lang='lat' dir='ltr'><strong>Odi</strong></span> <span class='ocrx_word' id='word_1_250' title='bbox 1177 2378 1203 2421; x_wconf 83' lang='lat' dir='ltr'><strong>et</strong></span> 
     </span>
    </p>
   </div>
   <div class='ocr_carea' id='block_1_6' title="bbox 107 2431 1203 2549">
    <p class='ocr_par' dir='ltr' id='par_1_8' title="bbox 107 2431 1203 2549">
     <span class='ocr_line' id='line_1_26' title="bbox 107 2431 1203 2549; baseline -0.005 -64"><span class='ocrx_word' id='word_1_251' title='bbox 107 2447 170 2549; x_wconf 56' lang='grc' dir='ltr'><strong>(ἔηω,</strong></span> <span class='ocrx_word' id='word_1_252' title='bbox 184 2437 225 2546; x_wconf 45' lang='lat'><strong>⁸52.</strong></span> <span class='ocrx_word' id='word_1_253' title='bbox 251 2435 284 2484; x_wconf 88' lang='lat' dir='ltr'><strong>ln</strong></span> <span class='ocrx_word' id='word_1_254' title='bbox 303 2432 361 2482; x_wconf 86' lang='lat' dir='ltr'><strong>edd.</strong></span> <span class='ocrx_word' id='word_1_255' title='bbox 378 2434 486 2482; x_wconf 83' lang='lat' dir='ltr'><strong>Venett.</strong></span> <span class='ocrx_word' id='word_1_256' title='bbox 501 2431 550 2481; x_wconf 89' lang='lat' dir='ltr'><strong>hoc</strong></span> <span class='ocrx_word' id='word_1_257' title='bbox 571 2445 630 2482; x_wconf 85' lang='lat' dir='ltr'><strong>cum</strong></span> <span class='ocrx_word' id='word_1_258' title='bbox 648 2431 767 2496; x_wconf 88' lang='lat' dir='ltr'><strong>sequenti</strong></span> <span class='ocrx_word' id='word_1_259' title='bbox 787 2431 906 2482; x_wconf 78' lang='lat' dir='ltr'><strong>Carmine</strong></span> <span class='ocrx_word' id='word_1_260' title='bbox 924 2434 1090 2501; x_wconf 85' lang='lat' dir='ltr'><strong>conjunctum</strong></span> <span class='ocrx_word' id='word_1_261' title='bbox 1105 2432 1203 2484; x_wconf 78' lang='lat' dir='ltr'><strong>exhibi-</strong></span> 
     </span>
     <span class='ocr_line' id='line_1_27' title="bbox 122 2511 869 2547; baseline -0.005 0"><span class='ocrx_word' id='word_1_262' title='bbox 122 2513 165 2547; x_wconf 89' lang='lat' dir='ltr'><strong>um</strong></span> <span class='ocrx_word' id='word_1_263' title='bbox 176 2511 204 2546; x_wconf 87' lang='lat' dir='ltr'><strong>es</strong></span> <span class='ocrx_word' id='word_1_264' title='bbox 868 2527 869 2530; x_wconf 20' lang='grc' dir='ltr'><strong>κ</strong></span> 
     </span>
    </p>
   </div>
   <div class='ocr_carea' id='block_1_7' title="bbox 601 2623 709 2674">
    <p class='ocr_par' dir='ltr' id='par_1_9' title="bbox 601 2623 709 2674">
     <span class='ocr_line' id='line_1_28' title="bbox 601 2623 709 2674; baseline -0.009 0"><span class='ocrx_word' id='word_1_265' title='bbox 601 2623 709 2674; x_wconf 82' lang='lat' dir='ltr'>NOTAE</span> 
     </span>
    </p>
   </div>
   <div class='ocr_carea' id='block_1_8' title="bbox 107 2727 1205 3018">
    <p class='ocr_par' dir='ltr' id='par_1_10' title="bbox 107 2727 924 2795">
     <span class='ocr_line' id='line_1_29' title="bbox 107 2727 924 2795; baseline -0.001 -16"><span class='ocrx_word' id='word_1_266' title='bbox 107 2729 295 2795; x_wconf 80' lang='lat' dir='ltr'><strong>portunitatem</strong></span> <span class='ocrx_word' id='word_1_267' title='bbox 311 2727 445 2790; x_wconf 78' lang='lat' dir='ltr'><strong>referunt;</strong></span> <span class='ocrx_word' id='word_1_268' title='bbox 463 2735 517 2778; x_wconf 89' lang='lat' dir='ltr'><strong>tum</strong></span> <span class='ocrx_word' id='word_1_269' title='bbox 533 2742 636 2792; x_wconf 86' lang='lat' dir='ltr'><strong>nempe,</strong></span> <span class='ocrx_word' id='word_1_270' title='bbox 649 2752 660 2781; x_wconf 69' lang='lat' dir='ltr'><strong>e</strong></span> <span class='ocrx_word' id='word_1_271' title='bbox 677 2728 731 2779; x_wconf 81' lang='lat' dir='ltr'><strong>cies</strong></span> <span class='ocrx_word' id='word_1_272' title='bbox 741 2734 769 2777; x_wconf 88' lang='lat' dir='ltr'><strong>et</strong></span> <span class='ocrx_word' id='word_1_273' title='bbox 779 2727 924 2792; x_wconf 74' lang='lat' dir='ltr'><strong>perfidiam.</strong></span> 
     </span>
    </p>

    <p class='ocr_par' dir='ltr' id='par_1_11' title="bbox 107 2802 1205 3018">
     <span class='ocr_line' id='line_1_30' title="bbox 107 2802 1204 2868; baseline -0.002 -12"><span class='ocrx_word' id='word_1_274' title='bbox 107 2805 254 2868; x_wconf 86' lang='lat' dir='ltr'><strong>cumipsins</strong></span> <span class='ocrx_word' id='word_1_275' title='bbox 262 2805 393 2857; x_wconf 76' lang='lat' dir='ltr'><strong>blanditiis</strong></span> <span class='ocrx_word' id='word_1_276' title='bbox 402 2805 522 2852; x_wconf 85' lang='lat' dir='ltr'><strong>inductos</strong></span> <span class='ocrx_word' id='word_1_277' title='bbox 530 2803 557 2851; x_wconf 89' lang='lat' dir='ltr'><strong>in</strong></span> <span class='ocrx_word' id='word_1_278' title='bbox 567 2802 637 2852; x_wconf 79' lang='lat' dir='ltr'><strong>freu-</strong></span> <span class='ocrx_word' id='word_1_279' title='bbox 708 2808 723 2853; x_wconf 81' lang='lat'>⁷</span> <span class='ocrx_word' id='word_1_280' title='bbox 737 2805 806 2860; x_wconf 78' lang='lat' dir='ltr'><strong>Quod</strong></span> <span class='ocrx_word' id='word_1_281' title='bbox 816 2810 933 2854; x_wconf 81' lang='lat' dir='ltr'><strong>amantem</strong></span> <span class='ocrx_word' id='word_1_282' title='bbox 943 2803 1043 2868; x_wconf 69' lang='lat' dir='ltr'><strong>terioris]</strong></span> <span class='ocrx_word' id='word_1_283' title='bbox 1059 2803 1204 2868; x_wconf 74' lang='lat' dir='ltr'><strong>Responsio</strong></span> 
     </span>
     <span class='ocr_line' id='line_1_31' title="bbox 108 2877 1204 2945; baseline 0 -17"><span class='ocrx_word' id='word_1_284' title='bbox 108 2880 177 2938; x_wconf 82' lang='lat' dir='ltr'><strong>dem,</strong></span> <span class='ocrx_word' id='word_1_285' title='bbox 187 2894 214 2928; x_wconf 86' lang='lat' dir='ltr'><strong>se</strong></span> <span class='ocrx_word' id='word_1_286' title='bbox 231 2894 332 2943; x_wconf 85' lang='lat' dir='ltr'><strong>qnoque</strong></span> <span class='ocrx_word' id='word_1_287' title='bbox 340 2879 453 2928; x_wconf 82' lang='lat' dir='ltr'><strong>vicissim</strong></span> <span class='ocrx_word' id='word_1_288' title='bbox 468 2878 500 2928; x_wconf 81' lang='lat' dir='ltr'><strong>ab</strong></span> <span class='ocrx_word' id='word_1_289' title='bbox 512 2892 542 2928; x_wconf 83' lang='lat' dir='ltr'><strong>er</strong></span> <span class='ocrx_word' id='word_1_290' title='bbox 554 2877 635 2927; x_wconf 82' lang='lat' dir='ltr'><strong>emori</strong></span> <span class='ocrx_word' id='word_1_291' title='bbox 676 2880 772 2930; x_wconf 80' lang='lat' dir='ltr'><strong>Catulli</strong></span> <span class='ocrx_word' id='word_1_292' title='bbox 780 2885 830 2941; x_wconf 85' lang='lat' dir='ltr'><strong>est,</strong></span> <span class='ocrx_word' id='word_1_293' title='bbox 844 2880 971 2944; x_wconf 77' lang='lat' dir='ltr'><strong>quietalis</strong></span> <span class='ocrx_word' id='word_1_294' title='bbox 987 2880 1090 2944; x_wconf 82' lang='lat' dir='ltr'><strong>injuria,</strong></span> <span class='ocrx_word' id='word_1_295' title='bbox 1102 2879 1204 2945; x_wconf 77' lang='lat' dir='ltr'><strong>qualem</strong></span> 
     </span>
     <span class='ocr_line' id='line_1_32' title="bbox 107 2952 1205 3018; baseline -0.002 -14"><span class='ocrx_word' id='word_1_296' title='bbox 107 2954 237 3004; x_wconf 85' lang='lat' dir='ltr'><strong>crederet.</strong></span> <span class='ocrx_word' id='word_1_297' title='bbox 269 2954 478 3018; x_wconf 78' lang='lat' dir='ltr'><strong>Atquuoeam</strong></span> <span class='ocrx_word' id='word_1_298' title='bbox 491 2954 573 3004; x_wconf 85' lang='lat' dir='ltr'><strong>levem</strong></span> <span class='ocrx_word' id='word_1_299' title='bbox 590 2952 637 3002; x_wconf 84' lang='lat' dir='ltr'><strong>iel·</strong></span> <span class='ocrx_word' id='word_1_300' title='bbox 675 2955 736 3004; x_wconf 88' lang='lat' dir='ltr'><strong>mihi</strong></span> <span class='ocrx_word' id='word_1_301' title='bbox 755 2954 841 3004; x_wconf 81' lang='lat' dir='ltr'><strong>fecisti</strong></span> <span class='ocrx_word' id='word_1_302' title='bbox 860 2955 938 3003; x_wconf 83' lang='lat' dir='ltr'><strong>elium</strong></span> <span class='ocrx_word' id='word_1_303' title='bbox 956 2955 1075 3016; x_wconf 81' lang='lat' dir='ltr'><strong>emendo,</strong></span> <span class='ocrx_word' id='word_1_304' title='bbox 1092 2954 1162 3018; x_wconf 79' lang='lat' dir='ltr'><strong>cogit</strong></span> <span class='ocrx_word' id='word_1_305' title='bbox 1178 2967 1205 3002; x_wconf 87' lang='lat' dir='ltr'><strong>e·</strong></span> 
     </span>
    </p>
   </div>
   <div class='ocr_carea' id='block_1_9' title="bbox 11 3027 1205 3093">
    <p class='ocr_par' dir='ltr' id='par_1_12' title="bbox 11 3027 1205 3093">
     <span class='ocr_line' id='line_1_33' title="bbox 11 3027 1205 3093; baseline 0 -16"><span class='ocrx_word' id='word_1_306' title='bbox 11 3055 14 3063; x_wconf 42' lang='grc' dir='ltr'><em>ι</em></span> <span class='ocrx_word' id='word_1_307' title='bbox 107 3031 242 3092; x_wconf 78' lang='lat' dir='ltr'><strong>lacemque</strong></span> <span class='ocrx_word' id='word_1_308' title='bbox 265 3029 425 3093; x_wconf 79' lang='lat' dir='ltr'><strong>cognoverit,</strong></span> <span class='ocrx_word' id='word_1_309' title='bbox 451 3028 517 3078; x_wconf 87' lang='lat' dir='ltr'><strong>dicit</strong></span> <span class='ocrx_word' id='word_1_310' title='bbox 535 3043 563 3077; x_wconf 84' lang='lat' dir='ltr'><strong>se</strong></span> <span class='ocrx_word' id='word_1_311' title='bbox 582 3029 636 3093; x_wconf 87' lang='lat' dir='ltr'><strong>qni·</strong></span> <span class='ocrx_word' id='word_1_312' title='bbox 676 3036 787 3079; x_wconf 84' lang='lat' dir='ltr'><strong>mentem</strong></span> <span class='ocrx_word' id='word_1_313' title='bbox 797 3028 986 3091; x_wconf 80' lang='lat' dir='ltr'><strong>megisemare,</strong></span> <span class='ocrx_word' id='word_1_314' title='bbox 1004 3028 1050 3078; x_wconf 86' lang='lat' dir='ltr'><strong>sed</strong></span> <span class='ocrx_word' id='word_1_315' title='bbox 1067 3027 1205 3077; x_wconf 76' lang='lat' dir='ltr'><strong>minusbe·</strong></span> 
     </span>
    </p>
   </div>
   <div class='ocr_carea' id='block_1_10' title="bbox 107 3100 1207 3914">
    <p class='ocr_par' dir='ltr' id='par_1_13' title="bbox 107 3100 1207 3914">
     <span class='ocr_line' id='line_1_34' title="bbox 108 3100 1204 3169; baseline -0.001 -16"><span class='ocrx_word' id='word_1_316' title='bbox 108 3105 167 3154; x_wconf 88' lang='lat' dir='ltr'><strong>dern</strong></span> <span class='ocrx_word' id='word_1_317' title='bbox 175 3105 338 3154; x_wconf 87' lang='lat' dir='ltr'><strong>nihilominus</strong></span> <span class='ocrx_word' id='word_1_318' title='bbox 350 3118 406 3153; x_wconf 85' lang='lat' dir='ltr'><strong>earu</strong></span> <span class='ocrx_word' id='word_1_319' title='bbox 415 3108 511 3168; x_wconf 69' lang='lat' dir='ltr'><strong>umere,</strong></span> <span class='ocrx_word' id='word_1_320' title='bbox 522 3104 637 3169; x_wconf 80' lang='lat' dir='ltr'><strong>eliquen-</strong></span> <span class='ocrx_word' id='word_1_321' title='bbox 677 3119 710 3154; x_wconf 82' lang='lat' dir='ltr'><strong>ne</strong></span> <span class='ocrx_word' id='word_1_322' title='bbox 722 3104 797 3152; x_wconf 85' lang='lat' dir='ltr'><strong>velle.</strong></span> <span class='ocrx_word' id='word_1_323' title='bbox 833 3102 963 3152; x_wconf 83' lang='lat' dir='ltr'><strong>‘Amare&#39;</strong></span> <span class='ocrx_word' id='word_1_324' title='bbox 980 3110 1008 3152; x_wconf 87' lang='lat' dir='ltr'><strong>et</strong></span> <span class='ocrx_word' id='word_1_325' title='bbox 1023 3105 1031 3130; x_wconf 88' lang='lat'>‘</span> <span class='ocrx_word' id='word_1_326' title='bbox 1045 3102 1111 3152; x_wconf 84' lang='lat' dir='ltr'><strong>bene</strong></span> <span class='ocrx_word' id='word_1_327' title='bbox 1123 3100 1204 3152; x_wconf 84' lang='lat' dir='ltr'><strong>velle&#39;</strong></span> 
     </span>
     <span class='ocr_line' id='line_1_35' title="bbox 108 3170 1205 3242; baseline -0.004 -13"><span class='ocrx_word' id='word_1_328' title='bbox 108 3187 136 3230; x_wconf 90' lang='lat' dir='ltr'><strong>to</strong></span> <span class='ocrx_word' id='word_1_329' title='bbox 148 3179 227 3228; x_wconf 84' lang='lat' dir='ltr'><strong>etiarn</strong></span> <span class='ocrx_word' id='word_1_330' title='bbox 238 3179 334 3242; x_wconf 77' lang='lat' dir='ltr'><strong>magis3</strong></span> <span class='ocrx_word' id='word_1_331' title='bbox 359 3177 404 3226; x_wconf 88' lang='lat' dir='ltr'><strong>sed</strong></span> <span class='ocrx_word' id='word_1_332' title='bbox 423 3184 509 3227; x_wconf 85' lang='lat' dir='ltr'><strong>tumen</strong></span> <span class='ocrx_word' id='word_1_333' title='bbox 526 3179 637 3241; x_wconf 86' lang='lat' dir='ltr'><strong>deposu-</strong></span> <span class='ocrx_word' id='word_1_334' title='bbox 676 3179 735 3227; x_wconf 87' lang='lat' dir='ltr'><strong>ideo</strong></span> <span class='ocrx_word' id='word_1_335' title='bbox 746 3175 850 3225; x_wconf 85' lang='lat' dir='ltr'><strong>differre</strong></span> <span class='ocrx_word' id='word_1_336' title='bbox 867 3175 957 3224; x_wconf 88' lang='lat' dir='ltr'><strong>dicunt</strong></span> <span class='ocrx_word' id='word_1_337' title='bbox 974 3175 1133 3238; x_wconf 71' lang='lat' dir='ltr'><strong>Philosophi,</strong></span> <span class='ocrx_word' id='word_1_338' title='bbox 1145 3170 1205 3239; x_wconf 78' lang='lat' dir='ltr'><strong>q&#39;nie</strong></span> 
     </span>
     <span class='ocr_line' id='line_1_36' title="bbox 108 3248 1204 3312; baseline -0.005 -8"><span class='ocrx_word' id='word_1_339' title='bbox 108 3256 160 3306; x_wconf 84' lang='lat' dir='ltr'><strong>isse</strong></span> <span class='ocrx_word' id='word_1_340' title='bbox 170 3271 203 3305; x_wconf 82' lang='lat' dir='ltr'><strong>ex</strong></span> <span class='ocrx_word' id='word_1_341' title='bbox 220 3256 304 3304; x_wconf 85' lang='lat' dir='ltr'><strong>enimc</strong></span> <span class='ocrx_word' id='word_1_342' title='bbox 319 3260 434 3304; x_wconf 83' lang='lat' dir='ltr'><strong>veterem</strong></span> <span class='ocrx_word' id='word_1_343' title='bbox 447 3255 515 3303; x_wconf 81' lang='lat' dir='ltr'><strong>illem</strong></span> <span class='ocrx_word' id='word_1_344' title='bbox 526 3253 638 3301; x_wconf 81' lang='lat' dir='ltr'><strong>benero-</strong></span> <span class='ocrx_word' id='word_1_345' title='bbox 678 3264 748 3300; x_wconf 81' lang='lat' dir='ltr'><strong>emor</strong></span> <span class='ocrx_word' id='word_1_346' title='bbox 766 3248 929 3312; x_wconf 75' lang='lat' dir='ltr'><strong>perturbatio</strong></span> <span class='ocrx_word' id='word_1_347' title='bbox 948 3254 1004 3305; x_wconf 78' lang='lat' dir='ltr'><strong>est3</strong></span> <span class='ocrx_word' id='word_1_348' title='bbox 1032 3249 1099 3297; x_wconf 85' lang='lat' dir='ltr'><strong>velle</strong></span> <span class='ocrx_word' id='word_1_349' title='bbox 1116 3257 1204 3298; x_wconf 85' lang='lat' dir='ltr'><strong>eutem</strong></span> 
     </span>
     <span class='ocr_line' id='line_1_37' title="bbox 107 3321 1204 3394; baseline -0.006 -15"><span class='ocrx_word' id='word_1_350' title='bbox 107 3330 215 3379; x_wconf 85' lang='lat' dir='ltr'><strong>lentiam</strong></span> <span class='ocrx_word' id='word_1_351' title='bbox 225 3330 350 3392; x_wconf 86' lang='lat' dir='ltr'><strong>intimem,</strong></span> <span class='ocrx_word' id='word_1_352' title='bbox 366 3343 418 3394; x_wconf 78' lang='lat' dir='ltr'><strong>que</strong></span> <span class='ocrx_word' id='word_1_353' title='bbox 434 3343 490 3378; x_wconf 80' lang='lat' dir='ltr'><strong>eam</strong></span> <span class='ocrx_word' id='word_1_354' title='bbox 501 3325 638 3390; x_wconf 79' lang='lat' dir='ltr'><strong>complecti</strong></span> <span class='ocrx_word' id='word_1_355' title='bbox 677 3332 718 3374; x_wconf 88' lang='lat' dir='ltr'><strong>est</strong></span> <span class='ocrx_word' id='word_1_356' title='bbox 728 3323 866 3374; x_wconf 76' lang='lat' dir='ltr'><strong>voluntatis</strong></span> <span class='ocrx_word' id='word_1_357' title='bbox 876 3328 905 3371; x_wconf 88' lang='lat' dir='ltr'><strong>et</strong></span> <span class='ocrx_word' id='word_1_358' title='bbox 912 3328 993 3372; x_wconf 76' lang='lat' dir='ltr'><strong>rectae</strong></span> <span class='ocrx_word' id='word_1_359' title='bbox 1002 3321 1122 3370; x_wconf 77' lang='lat' dir='ltr'><strong>rationis:</strong></span> <span class='ocrx_word' id='word_1_360' title='bbox 1134 3323 1204 3372; x_wconf 85' lang='lat' dir='ltr'><strong>unde</strong></span> 
     </span>
     <span class='ocr_line' id='line_1_38' title="bbox 108 3396 1205 3457; baseline -0.008 -2"><span class='ocrx_word' id='word_1_361' title='bbox 108 3411 289 3457; x_wconf 75' lang='lat' dir='ltr'><strong>consueverat.</strong></span> <span class='ocrx_word' id='word_1_362' title='bbox 678 3399 733 3448; x_wconf 71' lang='lat' dir='ltr'><strong>tic.</strong></span> <span class='ocrx_word' id='word_1_363' title='bbox 744 3399 823 3447; x_wconf 80' lang='lat' dir='ltr'><strong>Tnsc.</strong></span> <span class='ocrx_word' id='word_1_364' title='bbox 835 3397 936 3449; x_wconf 70' lang='lat' dir='ltr'><strong>Queat.</strong></span> <span class='ocrx_word' id='word_1_365' title='bbox 948 3411 986 3446; x_wconf 78' lang='grc' dir='ltr'><strong>ιν.</strong></span> <span class='ocrx_word' id='word_1_366' title='bbox 1003 3396 1151 3448; x_wconf 74' lang='lat' dir='ltr'><strong>‘Voluntas</strong></span> <span class='ocrx_word' id='word_1_367' title='bbox 1163 3403 1205 3446; x_wconf 88' lang='lat' dir='ltr'><strong>est</strong></span> 
     </span>
     <span class='ocr_line' id='line_1_39' title="bbox 140 3466 1206 3540; baseline -0.008 -9"><span class='ocrx_word' id='word_1_368' title='bbox 140 3483 157 3533; x_wconf 66' lang='grc' dir='ltr'>ὓ</span> <span class='ocrx_word' id='word_1_369' title='bbox 185 3466 342 3528; x_wconf 64' lang='grc' dir='ltr'><strong>νεαίιοιισι</strong></span> <span class='ocrx_word' id='word_1_370' title='bbox 360 3477 454 3540; x_wconf 76' lang='lat' dir='ltr'><strong>Jocnn]</strong></span> <span class='ocrx_word' id='word_1_371' title='bbox 485 3477 560 3526; x_wconf 85' lang='lat' dir='ltr'><strong>Idem</strong></span> <span class='ocrx_word' id='word_1_372' title='bbox 580 3475 636 3526; x_wconf 86' lang='lat' dir='ltr'><strong>fere</strong></span> <span class='ocrx_word' id='word_1_373' title='bbox 677 3472 784 3538; x_wconf 85' lang='lat' dir='ltr'><strong>quequi</strong></span> <span class='ocrx_word' id='word_1_374' title='bbox 798 3471 930 3521; x_wconf 82' lang='lat' dir='ltr'><strong>desideret</strong></span> <span class='ocrx_word' id='word_1_375' title='bbox 951 3473 1206 3531; x_wconf 75' lang='lat' dir='ltr'><strong>cumrecteretione</strong></span> 
     </span>
     <span class='ocr_line' id='line_1_40' title="bbox 108 3545 1207 3616; baseline -0.005 -13"><span class='ocrx_word' id='word_1_376' title='bbox 108 3567 188 3616; x_wconf 79' lang='lat' dir='ltr'><strong>supro</strong></span> <span class='ocrx_word' id='word_1_377' title='bbox 198 3554 284 3603; x_wconf 76' lang='lat' dir='ltr'><strong>Cerni.</strong></span> <span class='ocrx_word' id='word_1_378' title='bbox 296 3566 361 3604; x_wconf 69' lang='grc' dir='ltr'><strong>ιιι.</strong></span> <span class='ocrx_word' id='word_1_379' title='bbox 372 3553 380 3582; x_wconf 92' lang='lat'>‘</span> <span class='ocrx_word' id='word_1_380' title='bbox 390 3554 450 3603; x_wconf 89' lang='lat' dir='ltr'><strong>Nou</strong></span> <span class='ocrx_word' id='word_1_381' title='bbox 461 3553 481 3602; x_wconf 91' lang='lat' dir='ltr'><strong>si</strong></span> <span class='ocrx_word' id='word_1_382' title='bbox 493 3567 521 3602; x_wconf 87' lang='lat' dir='ltr'><strong>se</strong></span> <span class='ocrx_word' id='word_1_383' title='bbox 531 3552 637 3616; x_wconf 76' lang='lat' dir='ltr'><strong>Jupiter</strong></span> <span class='ocrx_word' id='word_1_384' title='bbox 677 3545 824 3598; x_wconf 69' lang='lat' dir='ltr'><strong>desiderat!</strong></span> <span class='ocrx_word' id='word_1_385' title='bbox 857 3548 893 3597; x_wconf 84' lang='lat' dir='ltr'><strong>Et</strong></span> <span class='ocrx_word' id='word_1_386' title='bbox 902 3546 962 3596; x_wconf 90' lang='lat' dir='ltr'><strong>ideo</strong></span> <span class='ocrx_word' id='word_1_387' title='bbox 973 3553 1083 3610; x_wconf 76' lang='lat' dir='ltr'><strong>ametor,</strong></span> <span class='ocrx_word' id='word_1_388' title='bbox 1101 3549 1144 3611; x_wconf 83' lang='lat' dir='ltr'><strong>qui</strong></span> <span class='ocrx_word' id='word_1_389' title='bbox 1156 3548 1207 3597; x_wconf 84' lang='lat' dir='ltr'><strong>sibi</strong></span> 
     </span>
     <span class='ocr_line' id='line_1_41' title="bbox 108 3621 1205 3693; baseline -0.008 -15"><span class='ocrx_word' id='word_1_390' title='bbox 108 3629 165 3693; x_wconf 87' lang='lat' dir='ltr'><strong>ipse</strong></span> <span class='ocrx_word' id='word_1_391' title='bbox 177 3627 269 3692; x_wconf 69' lang='lat' dir='ltr'><strong>petet!</strong></span> <span class='ocrx_word' id='word_1_392' title='bbox 677 3624 754 3673; x_wconf 85' lang='lat' dir='ltr'><strong>ellum</strong></span> <span class='ocrx_word' id='word_1_393' title='bbox 765 3621 837 3672; x_wconf 88' lang='lat' dir='ltr'><strong>ridet</strong></span> <span class='ocrx_word' id='word_1_394' title='bbox 849 3621 977 3685; x_wconf 75' lang='lat' dir='ltr'><strong>preferri,</strong></span> <span class='ocrx_word' id='word_1_395' title='bbox 996 3621 1092 3685; x_wconf 81' lang='lat' dir='ltr'><strong>majore</strong></span> <span class='ocrx_word' id='word_1_396' title='bbox 1111 3622 1205 3672; x_wconf 79' lang='lat' dir='ltr'><strong>amoris</strong></span> 
     </span>
     <span class='ocr_line' id='line_1_42' title="bbox 140 3694 1204 3768; baseline -0.01 -15"><span class='ocrx_word' id='word_1_397' title='bbox 140 3710 156 3752; x_wconf 80' lang='lat'><strong>6</strong></span> <span class='ocrx_word' id='word_1_398' title='bbox 185 3705 241 3753; x_wconf 83' lang='lat' dir='ltr'><strong>Etsi</strong></span> <span class='ocrx_word' id='word_1_399' title='bbox 261 3704 475 3768; x_wconf 71' lang='lat' dir='ltr'><strong>impensiorem]</strong></span> <span class='ocrx_word' id='word_1_400' title='bbox 516 3702 637 3756; x_wconf 79' lang='lat' dir='ltr'><strong>Quemvis</strong></span> <span class='ocrx_word' id='word_1_401' title='bbox 677 3696 874 3762; x_wconf 80' lang='lat' dir='ltr'><strong>perturbatione</strong></span> <span class='ocrx_word' id='word_1_402' title='bbox 893 3694 1012 3757; x_wconf 86' lang='lat' dir='ltr'><strong>afficitur,</strong></span> <span class='ocrx_word' id='word_1_403' title='bbox 1023 3701 1051 3744; x_wconf 88' lang='lat' dir='ltr'><strong>et</strong></span> <span class='ocrx_word' id='word_1_404' title='bbox 1065 3696 1149 3745; x_wconf 80' lang='lat' dir='ltr'><strong>acrius</strong></span> <span class='ocrx_word' id='word_1_405' title='bbox 1166 3694 1204 3742; x_wconf 89' lang='lat' dir='ltr'><strong>in·</strong></span> 
     </span>
     <span class='ocr_line' id='line_1_43' title="bbox 109 3769 1203 3843; baseline -0.01 -14"><span class='ocrx_word' id='word_1_406' title='bbox 109 3778 200 3843; x_wconf 81' lang='lat' dir='ltr'><strong>majori</strong></span> <span class='ocrx_word' id='word_1_407' title='bbox 211 3779 503 3840; x_wconf 77' lang='lat' dir='ltr'><strong>amoretninccender‚</strong></span> <span class='ocrx_word' id='word_1_408' title='bbox 512 3777 593 3826; x_wconf 81' lang='lat' dir='ltr'><strong>habeo</strong></span> <span class='ocrx_word' id='word_1_409' title='bbox 610 3781 637 3824; x_wconf 86' lang='lat' dir='ltr'><strong>te</strong></span> <span class='ocrx_word' id='word_1_410' title='bbox 678 3772 814 3831; x_wconf 77' lang='lat' dir='ltr'><strong>cenditnr3</strong></span> <span class='ocrx_word' id='word_1_411' title='bbox 826 3770 1128 3820; x_wconf 79' lang='lat' dir='ltr'><strong>nonvnlttemennmicae</strong></span> <span class='ocrx_word' id='word_1_412' title='bbox 1137 3769 1203 3818; x_wconf 81' lang='lat' dir='ltr'><strong>bene</strong></span> 
     </span>
     <span class='ocr_line' id='line_1_44' title="bbox 109 3844 1104 3914; baseline -0.011 -11"><span class='ocrx_word' id='word_1_413' title='bbox 109 3863 197 3904; x_wconf 78' lang='lat' dir='ltr'><strong>tamen</strong></span> <span class='ocrx_word' id='word_1_414' title='bbox 227 3854 344 3903; x_wconf 82' lang='lat' dir='ltr'><strong>viliorem</strong></span> <span class='ocrx_word' id='word_1_415' title='bbox 369 3859 397 3902; x_wconf 86' lang='lat' dir='ltr'><strong>et</strong></span> <span class='ocrx_word' id='word_1_416' title='bbox 420 3853 542 3902; x_wconf 83' lang='lat' dir='ltr'><strong>leviorem</strong></span> <span class='ocrx_word' id='word_1_417' title='bbox 562 3864 639 3914; x_wconf 82' lang='lat' dir='ltr'><strong>quem</strong></span> <span class='ocrx_word' id='word_1_418' title='bbox 678 3848 761 3908; x_wconf 83' lang='lat' dir='ltr'><strong>velte;</strong></span> <span class='ocrx_word' id='word_1_419' title='bbox 778 3848 854 3898; x_wconf 87' lang='lat' dir='ltr'><strong>immo</strong></span> <span class='ocrx_word' id='word_1_420' title='bbox 865 3846 955 3901; x_wconf 86' lang='lat' dir='ltr'><strong>ulcisci</strong></span> <span class='ocrx_word' id='word_1_421' title='bbox 966 3844 1104 3897; x_wconf 79' lang='lat' dir='ltr'><strong>desiderat.</strong></span> 
     </span>
    </p>
   </div>
   <div class='ocr_carea' id='block_1_11' title="bbox 110 3924 649 3997">
    <p class='ocr_par' dir='ltr' id='par_1_14' title="bbox 110 3924 649 3997">
     <span class='ocr_line' id='line_1_45' title="bbox 110 3924 649 3997; baseline -0.011 -18"><span class='ocrx_word' id='word_1_422' title='bbox 110 3929 192 3997; x_wconf 84' lang='lat' dir='ltr'><strong>prius,</strong></span> <span class='ocrx_word' id='word_1_423' title='bbox 203 3936 339 3995; x_wconf 79' lang='lat' dir='ltr'><strong>postquem</strong></span> <span class='ocrx_word' id='word_1_424' title='bbox 359 3928 469 3993; x_wconf 67' lang='lat' dir='ltr'><strong>cognovi</strong></span> <span class='ocrx_word' id='word_1_425' title='bbox 487 3933 545 3980; x_wconf 86' lang='lat' dir='ltr'><strong>tues</strong></span> <span class='ocrx_word' id='word_1_426' title='bbox 563 3924 649 3974; x_wconf 60' lang='lat' dir='ltr'><strong>felle..</strong></span> 
     </span>
    </p>
   </div>
   <div class='ocr_carea' id='block_1_12' title="bbox 0 0 1404 4702">
    <p class='ocr_par' dir='ltr' id='par_1_15' title="bbox 0 0 1404 4702">
     <span class='ocr_line' id='line_1_46' title="bbox 0 0 1404 4702; baseline 0 0"><span class='ocrx_word' id='word_1_427' title='bbox 0 0 1404 4702; x_wconf 95' lang='lat' dir='ltr'><strong> </strong></span> 
     </span>
    </p>
   </div>
  </div>
 </body>
</html>
