2774 4702
137 312 204 379 368
488 326 597 376 noun
620 325 823 377 vaninassu
848 327 885 376 ιιι

137 466 238 531 gaudeo
249 466 310 516 mihi
326 479 382 516 sese
402 471 455 516 tam
466 470 612 530 opportune
623 464 669 516 ob·
706 477 777 529 num,
785 464 1078 530 pretectumiabrorum
1084 463 1247 516 &cesaria

139 545 236 595 tulisse.
261 543 357 592 Mirum
379 557 440 592 vern
463 542 602 605 Catullum,
625 542 669 605 qui
706 540 930 593 inGalliat‘nisse.
963 543 1090 595 anmet
1105 541 1245 590 rarissima

139 617 216 668 toties
226 617 254 667 in
264 618 422 667 Mamurram
433 631 553 666 versuum
565 629 669 666 auorum
706 623 735 667 et
751 619 949 681 prsaelariasima
967 618 1003 668 sit
1021 617 1172 669 emendatio
1194 616 1242 666 llla

136 693 220 743 aciens
229 693 402 752 distrinxerit,
412 693 501 742 dehac
511 690 587 741 domo
598 697 669 740 tacu·
706 691 833 756 Pliniana,
847 699 936 744 tamen
952 692 985 743 ad
1002 691 1165 743 stomachum
1177 686 1240 756 qao·⁴

135 769 196 818 isse.
234 766 326 832 Atqui,
342 768 364 816 ai
381 769 420 817 ita
440 782 481 817 rea
500 781 528 817 se
548 765 668 828 haberet,
706 767 812 818 rundaur
825 766 1129 820 criticam-nonfacit.
1163 767 1238 817 Adeo

136 857 190 892 aon
202 842 337 906 tacuisset,
347 843 445 892 nisime
454 840 522 892 t'allit
533 841 668 904 augurium
704 843 757 894 rari
768 844 888 909 sunt,qul
894 843 959 893 falsa
968 843 1035 895 reris
1043 842 1130 893 sciant
1141 841 1239 893 discer-

137 932 231 968 meum.
260 917 371 981 Deinde,
380 917 443 982 quid
454 917 504 967 sibl
513 918 604 966 volunt
614 916 668 982 illa,
704 933 776 971 uere.
792 919 869 969 idota.

137 992 257 1044 ‘utresi'
289 992 341 1042 Sed
353 993 413 1042 nolo
424 993 668 1055 innugialectorem
736 991 1240 1044 ulimmerianum

137 1068 234 1120 diutius
244 1077 342 1119 tenere.
356 1069 424 1119 Sane
433 1068 532 1118 Plinius
539 1067 578 1116 ita
588 1066 668 1128 serip-
704 1068 757 1132 aia]
773 1069 851 1120 Haud
860 1069 1156 1133 nmtadtpostrsnon
1165 1067 1238 1129 iliad,

135 1145 191 1194 aits
208 1144 302 1209 ‘quem
309 1144 478 1194 Metrodorus
485 1142 606 1206 Scepsius
616 1141 669 1190 cla·
706 1145 757 1200 emi
767 1159 817 1196 nou
829 1146 945 1209 ignorem
951 1147 1066 1194 vocalem
1077 1150 1175 1194 natura
1184 1143 1239 1194 bre·

137 1220 201 1282 risa,
226 1233 303 1284 quam
327 1220 452 1282 catullus,
472 1218 540 1268 dixit
560 1216 669 1279 habere,
706 1233 764 1269 sem
775 1220 927 1285 insequente
946 1225 1017 1269 muta
1037 1232 1097 1268 eam
1115 1216 1239 1283 liquidae

138 1293 261 1358 quiequid
282 1293 414 1343 habuisset
440 1300 542 1344 comata
567 1292 671 1343 Gallia:
705 1292 1238 1357 Po’e‘tisldeutidemprodaci3plaeetlta·

142 1369 232 1433 Atqui,
243 1383 321 1433 quum
337 1369 405 1418 laune
417 1369 501 1418 locum
512 1367 591 1418 Plinii
602 1367 670 1431 lega·
706 1382 756 1434 qne
764 1368 994 1432 magintsltisroe
1003 1367 1161 1418 Μαικία
1179 1381 1238 1432 qua·

135 1444 325 1505 ‘rem,sinenlla
333 1443 501 1494 cunctatione
510 1441 624 1505 auspicio
635 1440 670 1490 da
706 1443 783 1494 modo
794 1444 863 1495 idem
878 1443 906 1493 iu
925 1443 1045 1493 Carmine
1064 1441 1099 1492 de
1117 1441 1238 1494 Aemeet

139 1519 233 1569 mendo
253 1520 364 1568 animum
387 1520 530 1583 percussits
555 1524 634 1582 atque
654 1531 670 1566 e
706 1519 1057 1584 Septimio,‘Marultqaam
1066 1516 1168 1582 Syrias,
1183 1516 1237 1566 Bri·

140 1594 249 1657 vestigio
263 1593 346 1663 loca·
364 1594 566 1644 emendarimus.
599 1591 670 1642 Scie-
707 1594 884 1660 tannlasqnes'
901 1599 930 1644 et
947 1593 1030 1643 Paulo
1046 1590 1127 1654 infra,
1144 1592 1237 1641 ‘Hanc

138 1669 278 1719 bamenim
291 1670 469 1720 Metrodorum
478 1668 670 1734 Scepaiamiro-
707 1670 800 1720 Gallia
827 1670 931 1732 timent,
958 1669 1053 1718 timent
1076 1664 1236 1716 Britannici

137 1744 233 1796 minem
245 1747 317 1794 malae
334 1744 573 1809 linguariruIentis
588 1744 670 1807 scrip·
709 1746 840 1796 Caeterum
869 1744 961 1794 eadem
984 1743 1144 1807 Metapinum
1164 1740 1237 1801 mett,

140 1821 175 1869 tis
194 1823 283 1884 populi
300 1822 408 1871 Romani
425 1834 562 1884 procerum
582 1820 670 1869 luxum
707 1835 767 1869 usus
780 1820 865 1870 Podta
876 1826 966 1869 noster
981 1833 1032 1868 nou
1048 1819 1146 1868 semel:
1168 1823 1198 1866 ut
1210 1816 1236 1864 ia

139 1896 296 1958 exagitasse.
331 1896 410 1944 Ouid.
427 1894 563 1958 quartode
582 1895 671 1943 Ponto
708 1895 902 1957 Epigrammate
927 1894 972 1942 illo
997 1892 1105 1941 nimium
1132 1889 1235 1956 lepido:

139 1970 173 2019 ad
182 1972 353 2019 Tuticanum:
372 1970 670 2033 ‘Nonloca‚sedrnores
707 1968 782 2032 ‘Nec
802 1969 957 2032 praetoribus
976 1983 1044 2032 esse,
1061 1983 1113 2020 nec
1131 1969 1236 2028 cohorti,

140 2047 243 2107 scriptis
257 2048 360 2095 vexavit
371 2047 463 2096 amaris
476 2048 597 2109 Scepsius
615 2047 669 2096 Au·
708 2044 899 2110 curqunqoom
905 2045 1094 2108 caputuuctius
1101 2043 1213 2094 referret
1220 2041 1236 2091 ι’

140 2120 245 2168 soniosz
274 2126 384 2182 actaque
416 2119 499 2169 Roma
533 2132 579 2167 rea
610 2119 669 2168 eat!
707 2117 877 2182 deniquehoe
885 2121 942 2183 ipae
951 2119 1236 2170 Carmines‘Nisiune·

141 2196 293 2260 Quanquam
303 2196 330 2245 iu
342 2195 439 2246 Ovidio
448 2196 515 2246 male
532 2193 669 2258 ‘Septius'
707 2200 735 2242 ta
744 2192 870 2243 deiurare
882 2193 1056 2256 patrimonia!
1070 2195 1155 2244 Doara
1164 2195 1199 2243 P.

140 2272 218 2332 uulgo
229 2271 334 2334 legitur.
368 2272 456 2322 Quare
473 2271 564 2320 illerir
573 2285 671 2334 panope·
739 2278 754 2321 5
774 2273 870 2322 ciaoeds
887 2273 997 2336 Parate]
1012 2273 1073 2324 Hoc
1087 2279 1141 2335 est,
1155 2287 1172 2322 a
1183 2272 1238 2323 Cn·

140 2347 312 2405 paiosdictus.
345 2346 446 2396 Plinius
463 2348 529 2396 libro
541 2348 671 2397 tricesimo
707 2353 801 2409 aar,ut
821 2361 900 2410 snpra
912 2348 1066 2412 jamdudum
1082 2347 1236 2398 monuimus.

141 2427 244 2484 quarto,
253 2422 472 2484 eapiteseptimo:
485 2422 493 2448 ‘
504 2422 671 2471 Metrodorus
708 2421 783 2484 Hoec,
794 2421 884 2486 iuquit,
894 2437 910 2471 o
922 2423 1010 2472 Coesar
1020 2421 1147 2486 patieris?
1171 2422 1236 2472 Nam

140 2495 272 2557 Scepsius,
294 2496 336 2543 cul
358 2511 500 2557 cognomen
524 2511 540 2546 a
563 2497 672 2546 Romani
709 2496 1053 2561 Romulnsnonproquovis
1071 2497 1236 2556 Remanent

140 2569 251 2617 nominis
273 2570 332 2618 odio
351 2570 460 2620 inditum
480 2571 539 2620 est?
571 2572 672 2622 Flornit
709 2572 765 2620 vult
775 2571 942 2635 Parthenius,
958 2571 1004 2620 sed
1016 2585 1064 2635 pro
1080 2585 1121 2634 ee,
1138 2572 1185 2636 qui
1201 2569 1237 2620 tta

142 2652 229 2693 autem
247 2645 396 2694 cesarianis
415 2645 587 2709 temporibus:
613 2661 671 2696 nam
708 2647 794 2710 gratia
810 2648 929 2712 populari
945 2646 1059 2711 valebat,
1073 2651 1104 2695 nt
1123 2660 1237 2709 regnum,

141 2721 225 2769 Bruto
236 2719 368 2770 familiaria
380 2722 462 2770 vixit:
480 2723 672 2787 exquusepis·
709 2729 831 2787 tanquam
848 2724 915 2772 alter
932 2721 1193 2784 Romulus,obtiuere
1202 2722 1237 2770 ri-

142 2797 196 2844 tola
206 2795 238 2843 ad
248 2797 378 2844 Caesarem
389 2798 519 2847 Charisius
530 2799 669 2860 produxit:
709 2795 822 2848 deretur.
855 2797 990 2855 Sallustius
1002 2798 1029 2846 in
1047 2797 1175 2846 Oratione
1191 2799 1237 2848 Ire·

141 2869 289 2930 ‘aScepsio
298 2869 418 2920 familiari
427 2873 502 2922 meo!
530 2874 580 2923 Sed
590 2874 671 2924 verba
709 2871 764 2934 pidi
784 2872 902 2921 Consulis
930 2872 963 2922 ad
992 2872 1131 2935 populum:
1158 2872 1236 2924 ‘Quae

142 2943 229 3004 Plinii,
244 2957 301 3005 quaa
320 2946 486 3008 corrasimus,
506 2947 618 2996 nondum
637 2963 670 2996 ex
708 2953 804 2996 cuneta
825 2961 927 2996 asserus
941 2947 994 2996 iste
1013 2945 1148 3010 Romulus,
1168 2946 1238 3012 quasi

141 3023 199 3065 toto
217 3016 311 3065 menda
330 3024 432 3069 vacant.
464 3021 531 3072 Nam
546 3023 684 3086 glossema·
708 3022 822 3071 externis
833 3027 909 3085 rapta
919 3020 1010 3071 tenet!
1026 3021 1092 3072 Stel.

140 3100 183 3140 est
198 3089 227 3139 τὸ
244 3091 331 3141 ‘idem
342 3094 446 3156 Nepos?
479 3097 670 3158 Nepotlsenim
740 3096 850 3156 amate]
877 3095 936 3144 Hoc
951 3095 1055 3145 nenrine
1074 3093 1117 3160 (tt
1131 3095 1238 3145 Mureto

140 3180 233 3215 nomen
245 3167 409 3230 interjectum
422 3168 491 3232 ideo,
501 3170 561 3234 quia
572 3171 670 3233 superi·
708 3176 881 3218 commentum
900 3168 999 3233 placet)
1018 3169 1057 3219 uti
1074 3171 1196 3222 solebant
1211 3173 1237 3220 ia

141 3254 172 3289 ua
195 3241 250 3304 ejus
270 3242 426 3292 mentionem
446 3242 546 3294 fecerat
560 3244 670 3294 Plinius.
707 3258 764 3305 eos,
782 3258 846 3308 quos
863 3243 1009 3308 significare
1027 3245 1153 3297 velebant
1169 3247 1238 3296 disai-
1289 3260 1292 3277 ¹

142 3318 229 3368 Quare
241 3318 278 3366 ita
296 3324 379 3367 toturn
397 3334 455 3368 euru
474 3320 557 3369 locum
568 3320 668 3383 legero:
707 3319 830 3368 millimos
847 3327 905 3369 ssae
924 3320 1043 3369 Romuli:
1074 3319 1143 3372 falso
1160 3323 1237 3388 (sicut

135 3395 149 3421 <⁴
162 3394 214 3442 Hic
226 3400 266 3442 eat
282 3395 415 3444 Mamurra
426 3396 522 3465 Catulli
538 3398 671 3446 Veronen·
709 3395 1163 3461 egoexistimo)etparunr1iourane.
1180 3401 1237 3450 flos·

141 3471 176 3519 sis
188 3472 349 3521 Carminibus
360 3474 510 3535 proscissus,
521 3488 598 3539 quem
613 3475 670 3522 Me·
708 3472 782 3535 pn'cor
793 3473 926 3534 vulgatum
938 3473 988 3521 hoc
998 3472 1025 3520 in
1036 3487 1082 3522 eos
1093 3474 1236 3524 convicium

141 3546 261 3594 trodorrrs
275 3547 397 3608 Scepsius
415 3549 518 3609 clarius,
537 3563 612 3612 quatu
623 3550 672 3598 Ca·
708 3545 798 3607 fuisse,
809 3548 853 3609 qui
865 3545 993 3608 profunda
1003 3548 1110 3611 imperii,
1116 3549 1236 3612 cupidine

141 3621 228 3682 tullus,
238 3620 404 3670 dixithabere
412 3624 534 3687 quicquid
540 3623 671 3673 habuisset
709 3621 810 3670 accensi
830 3619 1029 3670 dominationem
1048 3624 1075 3671 in
1091 3623 1163 3673 cirea
1180 3637 1235 3672 snos

142 3702 245 3745 comata
253 3695 347 3745 Gallia.
372 3699 492 3761 Namque
503 3699 600 3762 adiecit
611 3713 670 3748 eum
709 3693 874 3745 affectabant.
906 3693 986 3758 Apud
1003 3696 1109 3747 Sallust
1126 3698 1155 3746 in
1173 3697 1236 3746 Ora·

142 3771 252 3834 primum
274 3771 336 3821 totis
352 3771 449 3821 aedibus
468 3775 563 3822 nullam
584 3773 634 3821 nisi
655 3787 670 3821 e
709 3771 780 3819 tione
799 3784 875 3834 quam
893 3770 963 3820 idem
982 3772 1115 3828 Mamerco
1136 3771 1236 3821 AEurilio

141 3861 268 3898 marmore
276 3848 419 3897 columnam
428 3844 566 3896 habuisse!
583 3848 670 3898 Quare
709 3845 810 3909 Lepido
839 3846 970 3908 attribuit,
998 3846 1056 3896 lroee
1081 3847 1109 3903 iu
1139 3848 1235 3897 Sullam

143 3930 229 3972 autern
239 3921 671 3985 dictumsiteumhsbuisse‚quic·
707 3922 868 3970 stomachose
883 3920 917 3970 ad
933 3921 1049 3973 Quirites
1066 3921 1237 3985 pronunciata
1267 3945 1272 3958 ·

142 3997 203 4059 quid
215 3997 327 4047 habebat
337 3997 431 4061 Gallia,
441 3996 619 4061 cognoscimus
636 4010 670 4044 ers
708 3998 837 4059 leguntur,
861 3997 946 4049 ‘Quae
966 4005 1063 4048 cuncta
1082 4013 1177 4048 sevus.
1188 4000 1236 4046 iste

143 4071 234 4120 eodem
246 4073 341 4136 Plinio,
352 4074 395 4137 qni
405 4088 452 4123 nos
460 4074 546 4136 docet,
557 4073 671 4120 Mamur·
709 4073 841 4135 Romulus,
862 4072 935 4136 quasi
961 4073 994 4121 ab
1019 4073 1136 4122 externis
1162 4078 1235 4135 rapta

144 4156 199 4217 ram
217 4147 324 4197 Formiis
336 4155 434 4211 natum,
451 4147 565 4212 equitem
578 4149 670 4197 Remu·
709 4147 805 4197 teust:’
831 4161 906 4210 quam
924 4148 1164 4213 interpretationem
1183 4149 1236 4197 lier-
