2774 4702
487 312 517 358 0.
542 309 701 360 venenu
726 312 892 362 curuum

269 451 378 520 Arida
393 454 494 520 modo
510 457 644 541 pumice
661 457 873 541 expolitumi

269 554 418 636 Corneli,
433 557 515 622 tibi:
537 577 678 641 namque
692 563 729 622 tu
744 560 880 625 solebas

269 657 370 723 Meas
386 677 462 724 esse
477 658 604 744 aliquid
619 663 737 743 putare
751 680 868 744 nugas,
896 660 899 665 ’

268 758 349 824 Jam
362 767 445 840 tum,
461 779 539 825 cum
554 779 655 824 ausus
671 780 709 825 es
725 780 811 826 uuus
825 761 986 829 Italorum
1225 769 1248 833 5

270 859 377 927 Omne
394 882 507 929 sevum
521 862 630 928 tribus
645 865 820 948 explicare
836 867 972 946 chartis,

138 1043 202 1104 Tibi,
212 1058 227 1093 o
241 1043 350 1093 Corneli:
361 1049 389 1093 tu
399 1044 460 1094 erim
468 1059 618 1094 consueveras
630 1046 768 1097 sentimum
779 1051 844 1099 lusus
853 1065 916 1100 meos
926 1065 975 1100 esse
985 1050 1076 1114 enquid
1084 1066 1095 1110 ,·
1106 1057 1162 1100 rure
1172 1051 1248 1102 stium

137 1110 227 1172 pundo
237 1107 337 1172 confisus
346 1123 372 1158 es
384 1108 500 1158 Italorum
515 1109 577 1159 solus
584 1111 713 1174 explanare
723 1119 807 1164 cundo
818 1120 923 1178 temporo
934 1115 1009 1164 triduis
1018 1116 1097 1179 libris,
1108 1131 1183 1182 quum
1192 1131 1248 1166 errr-

605 1228 786 1276 Μ’ᾺΝΜΝ

170 1357 183 1402 1
203 1351 285 1404 csiiu
294 1351 394 1404 duobus
403 1353 470 1404 snt.
480 1354 557 1405 codd.
570 1354 596 1404 iu
608 1370 659 1406 uno
671 1356 734 1412 Quoi
739 1373 749 1414 ,·
766 1357 792 1405 in
812 1358 874 1408 Par.
889 1362 914 1408 2.
927 1357 1049 1413 Quin—2
1066 1356 1142 1406 Asido
1154 1355 1181 1404 in
1191 1369 1248 1405 om·

137 1417 212 1468 nibus
223 1417 302 1467 codd.
318 1417 365 1467 sed
375 1418 515 1481 legendum
525 1424 567 1469 est
578 1434 637 1470 curu
647 1428 714 1471 vett.
731 1429 760 1471 et
771 1428 825 1485 opt.
836 1421 897 1472 edd.
917 1421 1007 1485 Arida,
1019 1428 1049 1471 ut
1058 1423 1156 1471 citetur
1166 1421 1248 1470 etium

135 1495 152 1530 e
167 1483 240 1534 Serv.
257 1481 291 1532 ed
309 1483 367 1535 AEu.
386 1487 489 1535 xri-4
507 1484 611 1535 Nostros
622 1486 725 1537 mollius
737 1500 814 1551 quern
826 1487 896 1536 Meus
907 1488 991 1537 visum
1002 1500 1059 1537 esse
1077 1487 1107 1536 C.
1118 1484 1206 1536 Plinio
1219 1485 1246 1534 iu

637 1649 747 1700 NOTAE

137 1772 188 1821 que
198 1758 372 1811 Terentianus
382 1760 500 1824 Maurus,
518 1762 592 1825 pluru
612 1777 672 1826 pro·
713 1779 823 1828 quorum
835 1770 953 1815 unctores
965 1761 1149 1812 meminerunt.
1182 1761 1249 1812 Cor·

137 1835 236 1885 ducunt
248 1852 281 1886 cx
292 1839 405 1903 Catullo,
416 1854 474 1905 quse
488 1854 614 1905 nusquam
629 1840 673 1891 ho·
712 1841 793 1890 uellus
805 1841 897 1904 crona,
916 1840 960 1904 qui
976 1838 1060 1903 pridie
1071 1851 1147 1902 quum
1159 1837 1250 1888 cesar

111 1904 117 1915 “
139 1909 182 1961 die
193 1920 355 1976 comparent.
713 1917 878 1967 occideretur
891 1917 924 1966 de
942 1930 973 1966 eo
986 1915 1102 1979 graviter
1112 1919 1170 1964 erut
1185 1928 1249 1964 rou-

171 1990 185 2036 l
205 1988 350 2052 eridorro]
374 1991 472 2041 Versus
482 1998 524 2043 est
534 1992 673 2044 chdece·
713 1993 842 2043 cionatus.
871 1992 1006 2042 Cornelius
1026 1990 1151 2054 Phagils,
1173 1991 1249 2054 cujus

138 2064 264 2128 syllabus,
286 2065 407 2132 idemque
429 2067 596 2133 Phnleucius,
612 2085 673 2120 con·
713 2067 816 2117 iusidias
826 2068 913 2118 Caesur
925 2080 1036 2131 aegerec
1049 2064 1250 2129 lutens,ueSyl·

138 2145 242 2204 statque
254 2141 388 2204 spoudaeo,
406 2142 523 2207 dactylo,
542 2149 570 2194 et
589 2146 673 2196 tribus
712 2143 747 2193 lre
763 2141 930 2207 proderetur,
940 2142 984 2190 vix
997 2140 1059 2191 dato
1070 2139 1175 2205 praemio
1186 2155 1250 2191 eru·

138 2215 276 2266 trocheis:
300 2215 326 2264 in
338 2217 387 2266 lroc
399 2224 488 2268 tumen
499 2221 613 2269 carmine
624 2221 673 2272 Cu·
714 2218 756 2268 sit.
789 2218 925 2267 Cornelius
943 2216 1051 2279 Bulbus,
1059 2216 1177 2280 ejusdem
1190 2216 1250 2266 Cae·

139 2292 218 2341 tullus
227 2291 344 2342 ordinem
356 2307 407 2342 non
419 2300 516 2344 seruat·
551 2297 623 2361 Quoi,
632 2297 676 2347 da·
714 2295 778 2345 suris
789 2294 816 2343 in
828 2293 898 2343 bello
918 2292 990 2344 civili
1005 2293 1117 2355 legatus.
1150 2293 1251 2358 Corne·

138 2368 208 2416 tirus
221 2374 261 2418 est
273 2383 330 2432 pro,
345 2368 425 2434 ‘cni,'
441 2386 492 2436 quo
504 2386 532 2421 se
544 2387 624 2436 puero
634 2388 677 2422 nn·
715 2371 764 2419 lius
773 2370 864 2420 Gallus
876 2368 1250 2433 poeupcriptornlegisrum,

144 2442 269 2507 tiquiores
282 2458 341 2494 usos
353 2443 386 2494 sd
398 2444 562 2510 pinguiorem
577 2463 677 2516 sonum,
716 2446 834 2510 AEgypto
847 2443 988 2509 prefectus
999 2444 1046 2495 sub
1056 2443 1187 2509 Augusto,
1204 2446 1252 2509 qui

140 2523 171 2570 ut
183 2518 215 2569 sb
228 2518 272 2568 illo
281 2519 290 2547 ‘
299 2519 361 2585 qui'
373 2521 526 2572 nominativi
535 2537 610 2573 casus
621 2522 675 2574 dis·
717 2521 822 2570 Catullo
838 2524 926 2570 nostro
938 2520 1015 2582 paulo
1029 2518 1128 2582 junior,
1145 2533 1204 2568 curn
1222 2519 1251 2569 in

144 2593 317 2659 tingueretur,
338 2602 453 2647 testatur
474 2598 584 2648 Quintil.
601 2598 645 2651 lib.
656 2613 675 2650 1.
719 2594 890 2659 suspicionem
910 2593 1024 2644 venisset
1042 2599 1135 2644 contre
1153 2594 1252 2658 princi·

139 2671 258 2722 1nstitut.
277 2672 386 2723 Orator.
419 2673 487 2722 Herc
506 2687 583 2739 porro
601 2675 675 2739 quasi
715 2686 776 2736 pem
787 2672 943 2735 conjurasse,
957 2669 1143 2719 violentussibi
1158 2685 1251 2721 manus

139 2746 267 2798 Praefotio
285 2755 326 2798 est
342 2749 423 2798 totius
440 2749 511 2811 libri,
530 2764 606 2814 quem
626 2750 675 2800 Ca·
715 2747 814 2796 attulit.
855 2746 978 2810 Denique
1001 2745 1137 2796 Cornelius
1158 2746 1251 2811 Nepos

141 2821 463 2873 tullusdedicstcornelio
471 2823 579 2886 Nepoti.
597 2824 676 2874 Hunc
714 2819 1251 2885 Transpadnurrs,cuiCutullushuncsnum

139 2897 269 2946 Ausonius
297 2896 410 2958 Gallum,
435 2896 537 2946 Plinius
562 2899 675 2948 accolam
715 2902 850 2960 nuncupet
868 2895 974 2958 librum,
991 2895 1133 2961 qui,editis
1149 2897 1252 2962 aliquot

142 2971 346 3037 Pudiuomiuut,
363 2973 408 3037 qui
425 2972 452 3022 iu
470 2973 606 3024 chronicis
623 2973 676 3024 suis
715 2972 796 3032 libris,
825 2973 971 3035 imperante
992 2971 1113 3035 Augusto
1137 2978 1250 3023 mortem

71 3096 76 3105 ,
101 3068 104 3073 ·
140 3048 247 3111 Catulli,
258 3059 288 3099 ur
299 3048 391 3114 optimi
403 3062 449 3098 suo
460 3049 555 3098 seculo
571 3049 674 3113 Posse,
714 3046 788 3098 obiit.
821 3047 891 3097 Huic
902 3047 980 3097 etium
991 3046 1078 3097 Attici
1093 3047 1148 3099 vite
1158 3047 1251 3099 tribui·

140 3125 309 3176 meminerat:
327 3125 423 3176 irrero
433 3125 564 3177 mentione
580 3127 620 3176 sui
630 3127 675 3176 ho·
715 3133 767 3175 tur.

141 3201 250 3252 norificu
270 3200 417 3252 delectatus
439 3201 521 3253 libelli
542 3217 675 3267 nuncupe-
702 3247 707 3255 .
746 3206 763 3251 4
782 3200 880 3264 Nugas]
896 3200 972 3266 Saepe
982 3215 1073 3251 versus
1083 3216 1144 3252 suos
1154 3201 1250 3254 Polites

141 3279 212 3328 noue
225 3279 334 3342 gretiam
346 3279 437 3328 retulit
447 3278 514 3328 bene
525 3279 625 3330 merito.
714 3279 722 3307 ‘
735 3275 837 3341 ungues
854 3282 882 3327 et
897 3279 905 3305 ⁶
918 3275 997 3328 lusus‘
1014 3282 1118 3327 vocent.
1151 3279 1251 3331 Horat.

173 3361 190 3406 ll
205 3355 284 3406 Aridu
291 3356 397 3420 pumice]
425 3355 478 3406 Alii
488 3358 589 3423 legunt,
599 3360 674 3408 crido.
716 3360 723 3383 ‘
736 3353 833 3404 Nescio
846 3352 908 3418 quid
924 3351 1054 3403 meditans
1065 3368 1202 3416 nugarum,
1221 3363 1251 3405 et

142 3431 523 3482 SedSersiusinAEneid.xrr.
542 3433 621 3483 Arida
629 3449 674 3497 pu-
715 3427 904 3479 totusiuillis!
938 3428 1074 3480 Martial‘
1088 3430 1141 3481 Qui
1151 3431 1251 3481 meruit

140 3508 202 3557 erice
212 3508 343 3558 Catullum
364 3508 501 3572 scripsisse
521 3515 632 3561 testatur
647 3511 674 3560 iu
715 3519 796 3569 nugas
808 3505 905 3568 primus
915 3502 1012 3554 habere
1023 3503 1112 3554 mess!

142 3596 239 3646 genere
250 3580 391 3631 foeminino.
422 3583 581 3634 ‘Pumicum
594 3585 673 3649 usus,’
747 3581 852 3630 §Ursus
867 3576 995 3640 Italorum]
1029 3580 1250 3645 Praecipuus,vel

139 3659 176 3709 uit
188 3658 259 3709 Plin.
279 3659 375 3708 ‘estin
387 3659 540 3722 corporibus
551 3661 675 3726 laevigun·
714 3658 783 3706 solus
796 3670 829 3705 ex
838 3653 1046 3705 omnibusltslis.
1078 3654 1199 3707 Atticum
1208 3664 1250 3709 tu-

139 3733 189 3798 dis,
210 3739 290 3798 utque
312 3732 393 3782 etium
412 3733 503 3783 libris.’
544 3735 621 3785 Unde
646 3742 674 3786 et
714 3746 774 3783 men
793 3731 863 3781 idem
882 3728 978 3780 secisse
1005 3736 1120 3782 testetur
1147 3733 1203 3784 Cic.
1221 3734 1250 3784 iu

139 3809 391 3860 Mareellinam.
407 3809 553 3860 ‘Nondum
572 3811 672 3863 murice
714 3807 855 3873 Epistolis;
888 3806 938 3856 nisi
964 3803 1052 3856 forsan
1079 3807 1155 3871 plure
1179 3823 1250 3859 com·

137 3887 231 3944 cultus,
245 3898 391 3951 asperoque
402 3885 492 3935 Morsu
501 3886 611 3950 pumicis
622 3888 676 3937 eri-¹
712 3887 804 3950 plexus
813 3884 847 3934 sit
860 3882 994 3933 Cornelius
1006 3882 1095 3947 Nepos
1110 3897 1188 3948 quum
1198 3883 1249 3936 At·

137 3960 165 4009 di
183 3961 289 4025 politus,
302 3958 430 4009 Artuunm
448 3974 575 4026 properus
586 3963 672 4027 sequi,
714 3961 790 4012 ticus.

138 4035 246 4087 libelle!
746 4041 763 4086 o
789 4034 875 4085 trion
891 4034 994 4098 cinno]
1028 4033 1072 4085 Ob
1090 4032 1250 4086 brevitatem

170 4112 312 4176 scornio]
346 4113 439 4164 Plures
458 4111 563 4163 fuerunt
581 4114 672 4165 eodem
714 4109 880 4162 commendet
900 4109 1046 4160 chronicon
1065 4109 1188 4174 Nepotis,
1204 4112 1250 4176 qni

135 4193 252 4253 ternpore
275 4188 325 4240 lroc
346 4189 452 4241 nornine
479 4188 593 4242 illustres
615 4190 673 4258 riri,
714 4186 797 4240 tribou
807 4185 881 4239 libris
894 4199 969 4239 omns
981 4191 1093 4252 tempur,
1108 4192 1187 4254 etque
1200 4189 1252 4241 etl-
