2774 4702
543 358 760 421 ‚numerurm
1182 340 1206 403 5

101 494 297 566 Palmerius
322 496 357 564 in
374 500 504 580 codice,
519 521 617 586 quem
631 521 695 566 sua
709 521 808 566 manu
834 521 866 564 a.
891 498 988 564 1428.
1012 497 1207 581 scripserat,

100 607 221 685 etque
235 618 317 667 usus
340 607 413 667 erat
431 601 585 668 Andreas
607 603 767 668 schottus
781 600 942 686 (Observ.
965 601 1024 666 lib.
1042 615 1084 666 11.
1100 619 1132 665 c.
1148 598 1203 665 16.

101 724 141 788 p·
164 701 245 788 53.),
270 705 346 769 haec
373 707 564 772 annotavit:
598 705 724 770 ‘Anno
749 704 847 769 1425.
869 703 1011 786 primum
1035 707 1203 785 repertum

101 818 179 869 esse
202 804 382 885 Catullum,
403 809 613 892 pessimeque
635 813 810 891 acceptum
834 807 868 870 in
890 823 1009 868 manus
1032 803 1202 868 hominum

102 902 261 972 venisse?
308 908 410 974 Extat
428 911 529 976 etiam
545 911 769 995 Epigramma,
789 907 1104 974 commemoratione
1120 905 1204 969 satis

100 1007 255 1092 dignum,
268 1009 333 1074 viri
355 1010 531 1096 cujusdam
556 1013 646 1077 docti
661 1010 879 1087 Veronensis,
895 1029 994 1093 quem
1009 1006 1203 1090 Apostolus

102 1109 220 1174 Zenus
234 1109 286 1195 (in
297 1111 511 1196 'Ephemerih
535 1115 602 1180 Lit.
626 1114 705 1179 Ital.
720 1114 802 1179 Vol.
818 1127 890 1177 xri.
906 1107 977 1194 ll.)
1020 1109 1204 1174 Grrarinum

100 1218 247 1294 patrem,
274 1213 485 1279 Burmannus
511 1214 693 1280 Guarinum
716 1215 820 1280 filium
843 1233 917 1278 esse
941 1212 1057 1279 voluit.
1104 1211 1144 1274 ln
1163 1229 1205 1274 eo

101 1318 254 1379 narratur
266 1315 405 1379 Librum
420 1315 557 1393 Catulli,
573 1336 595 1380 a
610 1317 792 1381 Francisoo
807 1315 953 1401 quodam
968 1315 1143 1398 scriptum,
1158 1330 1204 1377 ex

101 1412 215 1478 horrei
230 1416 378 1478 tenebris
391 1413 562 1480 Veronam
583 1415 729 1481 delatum
752 1436 839 1482 esse.
884 1415 1040 1480 Maffeius
1054 1414 1103 1500 (in
1118 1415 1204 1478 libro

102 1513 241 1578 Verona
255 1515 430 1580 Illustrata
443 1515 521 1582 Vol.
538 1532 579 1580 11.
596 1537 630 1600 p.
644 1514 703 1599 7.),
725 1516 768 1581 ad
783 1516 947 1581 decimum
970 1536 1076 1600 usque
1095 1535 1204 1579 saecu·

101 1615 173 1679 lum
190 1613 359 1681 Catullum
373 1617 470 1702 plane
489 1619 642 1701 ignotum
656 1619 760 1684 fuisse
784 1619 856 1683 suis
871 1619 1014 1695 civibus,
1030 1615 1205 1681 confirmat
1308 1639 1312 1644 ¹

101 1716 230 1783 inedita
244 1719 390 1807 quadam
405 1720 607 1805 scriptione:
636 1726 648 1757 ‘
663 1721 705 1785 In
720 1720 861 1786 Verona
876 1720 990 1786 aveasi
1005 1717 1141 1783 Catullo
1157 1715 1204 1780 fin

101 1817 156 1882 del
170 1820 264 1884 secoi
277 1820 422 1899 decimo,
436 1822 560 1906 perche
583 1825 616 1888 io
638 1829 735 1889 trovo
761 1825 795 1888 in
820 1842 889 1889 nno
904 1820 988 1905 degl'
1005 1818 1121 1884 inediti
1137 1838 1204 1882 ser-

101 1919 206 1996 moni,
222 1919 285 1984 che
298 1922 341 1985 ho
356 1941 473 2006 presso
487 1943 542 1987 me
558 1924 593 1987 di
608 1924 760 2002 Raterio,
775 1930 899 1990 venuto
914 1922 947 1988 d’
962 1923 1046 1987 oltra
1060 1920 1168 1984 monti
1183 1938 1205 1983 a

100 2025 227 2102 questo
242 2019 460 2102 Vescovadc,
476 2043 552 2088 eom
567 2024 633 2106 egli
658 2025 760 2106 lesse,
776 2026 835 2110 qni
859 2024 1007 2101 Catullo,
1021 2043 1088 2086 non
1103 2040 1203 2087 aven·

101 2119 163 2183 dol
175 2121 258 2185 letto
273 2142 333 2204 par
346 2121 368 2187 l'
384 2125 513 2207 auanti3
536 2145 555 2190 e
571 2130 665 2190 trovo
681 2127 743 2191 che
757 2126 779 2190 l'
794 2146 881 2191 area
895 2126 960 2191 alle
971 2124 1063 2189 mani
1076 2122 1130 2186 nel
1144 2121 1204 2186 de·

102 2222 193 2285 nimo
216 2228 336 2305 quarto
362 2226 475 2288 secolo
497 2225 676 2308 Gugielmo
699 2226 897 2311 Pastrengo,
925 2227 1032 2292 amico
1053 2224 1111 2289 ‹lel
1137 2222 1204 2287 Pe·

101 2329 223 2401 trarca,
236 2322 262 2413 il
273 2324 371 2405 quale
384 2324 460 2388 nell'
473 2345 574 2409 opera
588 2342 650 2390 sua
665 2330 752 2395 versi
766 2347 808 2392 ne
822 2328 889 2392 cita
902 2329 937 2393 in
951 2328 1015 2392 due
1027 2321 1204 2409 luoghi.’-

101 2420 191 2500 Quis
203 2422 303 2488 suerit
316 2426 372 2489 rlle
388 2425 562 2503 Francisci
581 2428 690 2493 codex
714 2433 748 2493 et
770 2448 815 2494 aa
838 2430 948 2494 adhuc
971 2432 1073 2505 extet,
1098 2423 1203 2490 nihilo

99 2526 210 2607 magis
226 2527 388 2592 affirmare
401 2548 540 2613 possum
555 2551 655 2615 quam
671 2530 742 2596 alii.
778 2530 937 2597 Maffeius
951 2530 1028 2616 (lib.
1045 2547 1069 2593 1.
1085 2549 1119 2612 p.
1133 2524 1204 2611 82.)

100 2624 144 2720 de
160 2631 399 2713 manuscriptis
413 2631 509 2695 libris
524 2631 573 2696 ita
588 2633 754 2716 loquitur:
778 2637 789 2668 ‘
805 2633 875 2698 Son
890 2632 971 2696 tutti
984 2631 1019 2694 di
1034 2648 1123 2712 poca
1136 2633 1203 2705 eta,

101 2748 122 2792 e
137 2728 149 2791 i
164 2731 224 2812 piu
238 2729 359 2793 vecchi
374 2748 441 2792 non
456 2733 582 2811 paiono
604 2733 808 2811 oltrepassar
822 2732 856 2791 di
872 2730 978 2792 molto
992 2727 1028 2791 la
1042 2733 1133 2791 meta
1148 2727 1204 2792 del
1281 2732 1284 2737 '

101 2832 365 2912 decimoquinto
393 2831 532 2895 secolo!
575 2831 701 2896 Catulli
726 2849 804 2894 vero
828 2829 961 2907 librum,
977 2830 1011 2893 in
1028 2828 1143 2894 Gallia
1153 2847 1204 2894 re·

100 2938 246 3015 portum,
269 2933 376 2995 malas
399 2932 434 2995 in
458 2952 578 2997 manus
593 2933 739 3009 venisse,
764 2932 799 2996 id
824 2939 886 3010 cst,
901 2932 990 3016 quod
1006 2950 1120 2995 omnes
1134 2931 1203 2996 fera
1295 2939 1320 2957 '·

101 3034 412 3098 commentariorum
425 3035 648 3118 antiquiorum
660 3041 813 3099 auctores
826 3039 1027 3099 monuerunt
1040 3051 1082 3097 ac
1096 3034 1204 3115 questi

101 3140 190 3199 sunt

144 3236 215 3302 Sub
243 3237 368 3302 saeculi‘
388 3254 452 3301 xv.
475 3238 616 3316 exitum,
643 3238 734 3322 typis
755 3236 878 3301 excudi
905 3242 1061 3299 curarunt
1075 3232 1201 3299 Catulli

101 3335 259 3402 Carmina
281 3358 349 3402 nna
372 3359 447 3404 cum
471 3340 599 3404 Tibulli
626 3346 660 3405 et
673 3339 844 3423 Propertii
867 3337 1008 3419 Elegiis.
1052 3335 1204 3401 Primum

99 3438 295 3523 prodierunt
318 3439 440 3506 Venet·
465 3440 564 3505 1472.
585 3439 761 3529 (Maffeius
784 3458 910 3504 annum
934 3438 1030 3502 1471.
1056 3433 1204 3520 allegat.)

101 3539 157 3605 Ex
172 3559 314 3624 quonam
328 3562 408 3606 vcro
431 3541 549 3607 codine
569 3544 643 3608 haec
665 3543 767 3607 editio
792 3542 967 3625 descripta
989 3541 1044 3627 sit,
1059 3540 1201 3604 nondum

99 3643 211 3724 potuit
225 3644 412 3727 comperiri,
428 3664 504 3708 cum
519 3665 625 3728 neque
650 3643 860 3709 Broukhusio
884 3644 927 3707 ad
950 3641 1132 3719 Tibullum,
1146 3661 1203 3704 ne·
1237 3654 1240 3659 ’

101 3763 170 3826 que
183 3743 376 3809 Burmanno
399 3744 444 3809 ad
464 3745 678 3830 Propertium
701 3744 944 3812 emendandum
960 3762 1002 3808 eo
1016 3743 1063 3808 uti
1078 3743 1202 3807 liceret.

102 3843 156 3908 Gi.
172 3844 304 3909 Santen.
331 3846 384 3911 ad.
397 3845 509 3911 Carm.
527 3861 664 3912 nxvrn.
679 3847 733 3910 49.
777 3846 918 3911 Venetae
942 3842 1096 3907 secundae
1123 3841 1204 3907 anni

102 3946 199 4011 1475.
214 3946 394 4010 lectionem
407 3948 677 4031 praebuitcodex
692 3948 862 4023 Palmerii,
875 3951 913 4010 ut
928 3942 1088 4009 Maffeius
1102 3942 1204 4011 refert

101 4046 161 4112 lib.
178 4065 221 4128 r.;
243 4047 349 4113 editio
364 4068 444 4113 vero
471 4049 671 4132 Rhegiensis
695 4050 751 4115 vel
772 4049 816 4114 ad
833 4046 1009 4130 exemplar
1022 4045 1128 4129 princ.
1144 4066 1202 4111 ex-

101 4167 232 4232 pressa,
247 4149 303 4213 vel
317 4167 361 4213 ex
374 4150 441 4215 alio
456 4150 576 4218 codice
592 4150 763 4237 descripta
776 4149 928 4230 uidetur;
957 4166 1036 4214 nam
1050 4147 1202 4231 pluribus
