2774 4702
541 345 697 397 OARMEN
723 345 843 396 xovu.

185 491 265 574 Quo
281 491 448 558 desiderio
465 496 590 556 veteres
605 509 803 556 renovamus
818 505 959 564 amores,

228 596 340 678 Atque
354 589 433 658 'olim
449 594 591 657 emissos
606 592 724 656 flemus
740 590 927 668 amicities3

187 695 284 760 Certe
298 715 365 759 non
378 697 469 758 tanto
483 711 573 756 mors
588 693 765 756 immatura
778 689 883 753 dolori
899 694 951 752 est
1225 693 1247 755 6

228 794 414 873 Quintiliae,
431 797 587 876 quantum
602 792 724 876 gaudet
737 810 848 855 amore
863 797 932 854 tuo.
951 809 957 825 ·

139 961 286 1007 mensorum
298 956 420 1019 Manilio,
430 958 485 1004 dum
495 955 555 1005 votis
564 956 680 1019 pristinas
695 958 840 1018 integramus
855 953 980 1014 amicitias,
990 969 1122 1017 amoresque
1132 956 1248 1018 quosdam

137 1022 258 1083 depositos
273 1021 396 1080 lugemus:
420 1020 525 1083 prosecta
539 1021 656 1076 Quintilio
676 1035 722 1068 uon
738 1025 788 1068 tam
804 1021 865 1068 dolet
881 1024 1049 1081 premissorum
1065 1019 1153 1068 obitum
1172 1033 1246 1068 suum

137 1100 210 1148 quam
220 1086 316 1134 Μαίων
327 1089 367 1133 tuo
377 1084 403 1133 in
413 1098 437 1133 se
447 1085 539 1134 odore.

604 1176 787 1196 ”W

174 1259 189 1308 3
208 1259 283 1314 Quom
302 1257 344 1306 vel
363 1259 424 1307 Cum
443 1257 469 1305 in
490 1256 549 1305 Ald.
569 1257 646 1308 Junt.
666 1255 765 1320 Gryplr.
780 1258 848 1308 Mur.
859 1257 926 1308 Stat.
940 1256 1029 1310 Graev.
1040 1258 1171 1321 aliis;sed
1182 1259 1245 1307 l'ect.

138 1329 257 1372 nostram
269 1336 302 1370 ex
313 1321 388 1371 codd.
399 1328 426 1370 et
438 1322 497 1370 edd.
509 1321 644 1385 antiquiss.
657 1321 730 1369 dedit
740 1322 856 1370 Suel—4
875 1326 953 1386 Atque
964 1325 1020 1372 olim
1029 1325 1112 1372 missas
1126 1324 1152 1371 in
1169 1323 1244 1371 Brix.

137 1385 202 1436 Ald.
213 1386 289 1437 Junt.
300 1385 382 1435 Colin.
394 1385 493 1448 Gryph.
505 1387 575 1434 Mur.
587 1386 654 1434 Stet.
666 1384 735 1434 scel.
747 1387 845 1448 Delph.
859 1386 950 1436 Graev.
959 1389 1018 1449 Bip.
1029 1389 1103 1448 eliis;
1120 1386 1166 1436 sed
1184 1386 1245 1435 lect.

138 1457 255 1563 rxs'ostrem
267 1450 384 1562 refforuit
395 1450 470 1500 Voss.
482 1464 496 1499 e
508 1449 584 1499 codd.
595 1450 647 1498 suis
658 1456 685 1497 et
694 1449 925 1513 sliquotStatianis
937 1467 944 1501 ι
961 1452 1080 1501 vossium
1090 1450 1174 1502 secuti
1185 1457 1245 1499 sunt

169 1515 220 1578 alp.
232 1519 260 1564 et
269 1515 292 1562 E
312 1547 319 1562 .
333 1527 406 1562 anon.

636 1611 661 1659 N
665 1609 747 1660 oTAE

138 1720 201 1770 que,
212 1704 280 1769 quod
292 1706 313 1755 si
325 1720 357 1754 ex
369 1706 457 1756 dolore
466 1712 564 1768 nostro,
578 1721 669 1756 senex
743 1715 757 1758 5
776 1710 844 1758 Mors
858 1709 998 1774 immaturo]
1030 1711 1163 1760 Immaturo
1181 1724 1246 1759 mors

136 1783 172 1833 iis
181 1798 237 1848 qum
248 1783 291 1834 hic
302 1792 436 1847 geruntur,
448 1785 555 1833 mortuis
567 1791 669 1848 gratum
711 1790 739 1834 et
750 1784 845 1834 acerbe
855 1785 961 1848 dieitur,
971 1801 1029 1851 quae
1040 1792 1099 1836 ente
1109 1785 1178 1834 diem
1186 1783 1245 1849 sati,

138 1859 237 1922 aliquid
254 1865 342 1921 potest
361 1859 493 1919 accidere,
505 1873 555 1908 uon
567 1867 670 1908 tantum
712 1860 751 1907 uel
771 1865 871 1909 nature
887 1859 1031 1910 advenerit.
1064 1860 1156 1910 Tribus
1172 1860 1243 1909 enim

138 1933 267 1985 Quintilis
275 1932 358 1982 doluit
370 1933 403 1981 de
414 1942 571 1997 praemutura
579 1941 672 1996 morte,
712 1950 745 1985 ex
764 1934 855 1985 Servio
874 1935 930 1985 vite
948 1937 1097 1986 continetur
1115 1932 1244 1984 humens:

137 2014 168 2058 et
178 2010 271 2058 acerbo
286 2010 392 2060 interitu
410 2027 465 2071 suo,
483 2021 607 2076 quantum
627 2014 672 2062 lm·
712 2016 805 2059 nutare
824 2011 934 2074 scilieet,
954 2010 1020 2074 feto,
1037 2012 1152 2062 fortuna.
1191 2011 1247 2061 Ne-

137 2092 195 2136 tate
206 2094 255 2149 est,
266 2088 334 2151 quod
347 2097 399 2137 tum
420 2091 537 2152 impense
557 2105 573 2138 s
593 2090 672 2138 Calvo
713 2091 780 2135 turae
793 2087 862 2136 ultre
878 2093 981 2137 eentum
1002 2094 1029 2137 et
1048 2087 1141 2151 viginti
1160 2086 1247 2137 solsti-

137 2168 279 2225 amsretnr,
297 2164 338 2226 qui
362 2164 478 2212 dolorem
500 2165 579 2213 etiam
599 2179 672 2213 suum
714 2159 1173 2212 tielessnnosconcessumnilrilest.
1196 2163 1246 2211 Fa·

137 2238 237 2302 Elegiis
251 2244 361 2288 testatus
374 2246 423 2287 est.
464 2239 523 2288 Hac
536 2240 592 2303 ipsa
601 2241 634 2289 de
645 2255 672 2288 re
715 2242 742 2284 to
753 2250 816 2286 vero
827 2238 969 2300 nonaginta
987 2239 1057 2301 enni,
1074 2238 1122 2288 lroc
1132 2245 1181 2301 est,
1193 2243 1247 2287 tres

137 2311 262 2376 Propert.
273 2312 318 2361 lib.
329 2326 360 2362 u.
379 2314 453 2376 Eleg.
470 2314 573 2363 ultima:
593 2315 672 2373 ‘Hoc
714 2314 819 2363 Saturni
846 2330 936 2365 cursus
964 2315 1075 2375 dantur;
1102 2315 1152 2365 nisi
1177 2314 1245 2364 forte

137 2387 217 2437 etiam
227 2387 298 2438 docti
309 2386 429 2437 confesse
446 2395 486 2437 est
503 2391 598 2452 pagine
615 2389 672 2439 Cel·
714 2390 845 2438 stellarum
857 2390 962 2438 aliarum
979 2390 1127 2452 benignitas
1143 2389 1248 2440 Saturni

136 2463 173 2525 vi,
185 2464 368 2514 Cumcsoeret
378 2465 479 2512 misere
491 2464 670 2516 funersQuin·
713 2471 820 2525 superet
831 2478 942 2513 cursum.
981 2464 1059 2513 Unde
1078 2464 1141 2512 illud
1162 2465 1247 2514 Hore-

136 2536 222 2586 tute:
265 2538 338 2586 Muta
359 2552 437 2600 porro
460 2541 565 2602 sepulcra
593 2541 670 2589 sumit
710 2538 759 2585 tii:
785 2538 844 2586 ‘Te
854 2538 926 2589 Jovis
938 2538 1017 2602 impio
1028 2539 1122 2589 Tutela
1133 2540 1269 2588 Saturno.

135 2611 179 2660 hic
192 2611 670 2678 Catullusrrarirvreuloxiwpromor·
711 2610 840 2674 refulgens
865 2613 979 2676 Eripuit,
1006 2614 1170 2678 volucrisque
1198 2613 1247 2664 sati

136 2687 189 2736 tuis
202 2688 347 2752 silentibus,
359 2704 402 2737 seu
422 2705 468 2753 pro
488 2691 592 2739 silentio
604 2704 682 2737 mor-0
710 2689 836 2739 Terduvit
849 2690 921 2740 alas!
955 2690 997 2740 Ad
1010 2689 1141 2741 fortunam
1150 2706 1195 2741 seu
1204 2707 1246 2741 ce-

95 2772 100 2779 ·
137 2769 252 2825 tuorum,
271 2764 339 2814 sicut
358 2764 427 2813 infre
447 2766 531 2814 Curm.
552 2778 587 2813 cr.
614 2766 671 2813 ‘Et
711 2766 1246 2831 sumomniapertinent,quaeextrinsecus

135 2845 237 2887 rnutum
255 2839 424 2904 nequicquam
444 2841 590 2905 alloquerer
601 2841 670 2890 ciue·
709 2850 779 2903 sunt,
789 2844 822 2892 ed
834 2844 943 2908 ruinam,
954 2844 1084 2908 incendio,
1102 2843 1246 2908 naufragia,

136 2913 211 2964 rem?
710 2934 818 2984 venene,
831 2923 880 2971 &o

494 3217 701 3282 CARMEN
724 3217 880 3285 XCVII.

571 3368 611 3415 1u
626 3369 815 3417 murmura.

136 3500 238 3578 Nou,
252 3503 302 3566 its
315 3522 369 3566 me
389 3503 431 3566 Di
446 3507 568 3580 ament,
584 3505 763 3588 quicquam
780 3506 899 3570 referre
914 3509 1043 3590 putaui,

181 3604 343 3668 Utrumne
359 3623 398 3668 os
413 3623 456 3668 an
472 3606 584 3668 culum
601 3607 779 3671 olfacerem
793 3608 943 3675 AEmilio.

171 3735 228 3784 Nou
237 3733 373 3783 existimaui
382 3735 472 3798 aliquid
486 3735 608 3800 iuteresse,
623 3738 659 3786 sic
668 3753 704 3788 me
715 3737 801 3802 ospes
811 3739 904 3806 jurem,
920 3757 950 3791 su
964 3759 990 3792 os
1006 3759 1037 3792 as
1052 3749 1120 3794 netes
1133 3744 1244 3793 odororer

601 3859 783 3880 mm

172 3944 186 3989 1
204 3940 237 3992 In
256 3941 295 3990 Di
312 3947 390 3992 ament
408 3943 503 3995 voculis
514 3959 565 3995 non
577 3943 692 4008 eliditur,
712 3946 757 3996 sed
776 3947 1060 4012 correptalegitur.-·2
1080 3947 1244 3999 Utrumosas

635 4065 743 4117 NOTAE

173 4170 187 4220 1
207 4165 274 4231 uas,
285 4166 368 4218 itam
379 4168 416 4219 Di
424 4168 514 4233 uuest]
541 4165 670 4220 AEmilium
691 4168 807 4236 rivalem,
824 4169 935 4236 quernis
947 4183 1033 4222 umore
1056 4170 1244 4225 suentisieli·
