2774 4702
544 322 702 370 cnnnrnn
727 323 812 371 xnr.
858 305 862 310 ’

255 466 294 529 Si
309 471 419 530 tecum
435 467 585 530 attuleris
599 467 724 531 bonam
740 472 838 551 atque
851 487 1003 550 magnam

256 562 409 645 Coenam,
425 586 494 630 non
507 567 580 631 sine
595 548 740 632 candida
754 569 877 652 puella,

256 668 301 732 Et
315 668 392 734 vino
406 676 440 734 et
455 669 537 747 sale,
552 677 587 734 et
601 671 756 734 omnibus
771 672 954 736 cachinnis.

255 770 345 834 Haec
360 770 403 846 si,
418 770 566 852 inquam,
582 770 748 849 attuleris,
764 778 903 837 venuste
916 779 1039 853 noster,

256 871 419 936 Coenabis
433 874 536 937 bene:
558 893 640 940 nam
651 874 700 937 tui
716 873 842 938 Catulli

255 975 383 1038 Plenus
398 977 554 1038 sacculus
568 981 620 1039 est
634 994 840 1039 aranearum.

255 1074 324 1138 Sed
339 1080 455 1139 contra
469 1076 617 1159 accipies
631 1094 742 1139 meros
757 1095 900 1152 amores,

255 1176 323 1240 Seu
338 1174 419 1259 quid
433 1176 572 1241 suavius
587 1176 811 1258 elegantiusve
826 1184 902 1241 est:

253 1275 343 1340 Nam
361 1283 562 1358 unguentum
578 1277 679 1354 dabo,
695 1278 787 1360 quod
800 1298 887 1342 meae
904 1281 1029 1362 puellae

253 1379 430 1443 Donarunt
443 1377 594 1443 Veneres
608 1377 877 1463 Cupidinesque:

254 1479 357 1558 Quod
370 1487 407 1544 tu
423 1476 500 1545 cum
515 1480 665 1557 olfacies,
682 1481 775 1545 Deos
789 1483 934 1564 rogabis,

251 1581 375 1652 Totum
390 1591 427 1647 ut
440 1590 471 1648 te
485 1583 625 1663 faciant,
642 1583 796 1662 Fabulle,
811 1603 939 1648 nasum.

120 1772 284 1837 apportaveris
293 1774 356 1824 cibos
364 1777 451 1825 maltos
459 1782 484 1825 et
495 1777 564 1826 bonos
572 1777 587 1807 ⁵
595 1778 611 1808 ⁸
618 1777 753 1842 necataque
763 1791 836 1840 mero,
846 1777 906 1840 risu,
913 1782 937 1825 et
947 1776 1051 1826 omnim
1056 1776 1164 1837 smaltis.
1197 1777 1226 1827 St

119 1843 179 1899 isto,
187 1838 289 1902 inquom,
299 1841 470 1904 apportaveris,
479 1842 512 1891 rnt
523 1843 629 1903 jucunde
640 1843 731 1904 amice,
742 1842 798 1892 bens
808 1842 909 1891 eoenobis
918 1856 1021 1891 mecam
1030 1857 1037 1902 ;
1053 1857 1109 1891 nam
1117 1857 1227 1892 murena

121 1904 159 1952 tul
172 1903 262 1952 Catulli
272 1903 362 1964 referto
379 1909 415 1953 est
425 1907 529 1955 aroneis.
561 1908 599 1955 Tu
609 1908 714 1956 meudun
729 1906 819 1966 referes
828 1922 844 1955 a
853 1921 890 1955 nte
900 1906 1015 1956 sincerum
1025 1921 1136 1968 amorem,
1147 1912 1188 1956 out
1205 1908 1227 1957 si

120 1968 179 2030 quid
201 1967 271 2017 aliud
288 1974 325 2018 est
340 1968 469 2029 jucundius
486 1975 529 2020 aut
544 1972 682 2031 venustius,-
709 1973 796 2020 etenim
806 1970 924 2031 cuderam
937 1972 985 2020 tibi
997 1977 1150 2034 unguentum,
1166 1975 1227 2034 quod

122 2032 220 2080 Gratiae
231 2037 254 2081 st
261 2031 361 2081 Amores
371 2033 456 2094 largiti
466 2040 522 2084 sunt
532 2036 615 2084 amicoe
623 2051 689 2086 mea.
725 2037 824 2092 Qstondo
832 2041 859 2086 tu
867 2036 925 2084 illud
932 2035 1075 2100 adoraberis,
1093 2036 1226 2100 praeteris

123 2097 255 2160 Coeliter,o
266 2097 373 2168 Fabulle,
382 2103 409 2146 ut
420 2103 444 2147 te
453 2100 529 2148 toturn
539 2114 622 2149 nasum
633 2101 743 2165 affimant.

580 2245 756 2266 ”emaum

121 2357 148 2399 at
160 2351 198 2400 sic
210 2350 311 2413 penult.
323 2357 416 2400 contra
434 2352 505 2414 leges
525 2350 747 2414 Hendecasyllabi
764 2351 842 2413 longa
862 2355 960 2400 est—6
977 2351 1074 2401 Fabulle
1085 2357 1164 2402 noster
1174 2353 1225 2403 Ve-

120 2421 175 2464 net.
189 2414 291 2478 Grypb.
303 2421 331 2464 et
342 2416 400 2464 aliae
412 2415 472 2466 edd.
485 2420 604 2466 vett—9
621 2416 652 2465 In
664 2416 770 2464 vicent.
782 2415 856 2464 Brix.
869 2424 898 2465 et
915 2417 1023 2465 l'enett.
1040 2431 1103 2467 meos
1119 2431 1227 2478 omortag

120 2485 148 2528 et
164 2479 202 2528 sic
214 2480 282 2545 conj.
293 2480 409 2530 Statius:
433 2480 459 2528 in
478 2480 540 2530 Ald.
561 2485 584 2530 l.
605 2481 674 2531 Mur.
693 2481 768 2530 Voss.
788 2488 816 2530 et
833 2481 914 2544 vulp.
932 2485 1082 2530 merca—10
1099 2478 1145 2530 Seu
1165 2484 1226 2548 quod

119 2543 195 2594 malit
205 2544 286 2594 Doer.
298 2544 464 2608 improbante
476 2543 564 2594 Hand.

618 2701 726 2752 NOTAE

152 2839 265 2887 BPlenus
274 2839 380 2887 smeulus
389 2841 424 2887 est
435 2833 583 2898 musarum]
594 2833 652 2897 Sig·
691 2831 775 2881 amico
788 2831 920 2894 promittit
932 2839 1091 2897 unguentum
1107 2833 1224 2898 fragran-

118 2913 210 2964 uificat
222 2913 272 2962 sibi
284 2928 335 2962 non
345 2912 462 2964 sufficere
472 2913 540 2962 unde
552 2926 651 2961 coenam
692 2907 831 2973 tissimum,
846 2916 920 2960 tanta
937 2911 1068 2974 elegantia
1086 2917 1114 2960 et
1129 2925 1224 2960 venus·

118 2997 207 3054 paret,
217 3004 275 3040 cum
287 2991 313 3039 in
323 2989 454 3053 marsupio
463 2988 527 3038 nibil
539 2988 573 3037 sit
585 3001 652 3050 prae·
692 2992 748 3035 tate
759 2992 989 3049 comparabimur
1008 2986 1131 3041 olfaciens
1151 2989 1223 3038 Deos

118 3071 162 3115 ter
183 3079 308 3115 araneas:
334 3066 413 3129 juxta
437 3065 510 3128 illud,
528 3062 651 3112 Afranius
692 3061 805 3127 rogabit,
817 3068 846 3110 ut
857 3077 884 3110 se
894 3070 977 3112 totum
988 3078 1077 3113 nasum
1088 3063 1196 3113 faciant.

118 3141 189 3205 apud
198 3143 314 3205 Festum,
324 3143 331 3171 ‘
342 3143 360 3194 J
362 3155 436 3191 amne
448 3141 534 3190 arcula
544 3146 589 3192 tua
598 3140 652 3203 ple·
725 3142 755 3188 14
775 3139 858 3187 Totum
868 3143 895 3187 ut
906 3139 1031 3198 tesoer'ont
1040 3139 1134 3202 amum]
1159 3141 1225 3188 Tan·

117 3233 153 3267 na
166 3225 208 3268 est
218 3232 371 3268 aranearum
381 3217 399 3266 t'
691 3223 718 3267 ta
728 3219 798 3268 enim
817 3216 954 3267 olfaciendi
973 3219 1106 3282 voluptate
1124 3220 1225 3270 detine.

152 3298 182 3343 ll
205 3295 357 3356 Unguentum
373 3293 444 3356 dabo]
476 3294 508 3342 In
526 3294 651 3346 conviviis
689 3293 768 3354 beris,
785 3300 815 3342 ut
830 3294 865 3342 sis
876 3301 1013 3357 optaturus
1029 3301 1114 3344 totum
1128 3310 1222 3357 corpus

118 3377 223 3420 veteres
250 3370 323 3420 uncti
344 3369 558 3431 discumbebant;
581 3370 650 3434 quod
690 3375 762 3419 tuum
774 3369 805 3418 ad
818 3370 888 3418 illam
906 3370 1112 3436 consequendam
1132 3370 1158 3419 io
1178 3386 1222 3422 na·

115 3446 191 3496 nobis
211 3445 326 3509 pluribus
342 3445 368 3494 in
383 3446 447 3496 loeis
465 3445 581 3494 indicant
596 3446 651 3494 Ho·
690 3461 745 3497 som
755 3446 883 3498 converti.

117 3528 170 3573 rat.
198 3529 226 3572 et
248 3514 386 3579 Martialis.
433 3523 510 3574 Unde
534 3522 651 3574 Catullus
