2774 4702
147 268 214 333 254
496 283 526 329 c.
551 280 707 330 vsnnnn
731 282 895 330 carnum

190 424 325 504 Longus
338 422 437 489 homo
451 428 511 500 est,
526 443 664 505 magnas
677 425 758 508 quoi
772 424 847 489 litos
862 425 971 490 intulit
984 425 1064 490 olim

232 523 370 587 Falsum
381 523 535 588 mendaci
547 525 897 607 ventrepuarperium.

146 687 184 736 ssi
194 690 307 751 quondm
316 688 439 738 emma
447 676 620 751 pcrtsssclloei
629 692 710 737 cestre
717 701 805 749 grosse
812 687 885 735 morie
894 685 1071 735 controversias.

604 812 783 833 omn*

147 893 230 944 sedin
244 894 362 944 omnibns
378 894 454 944 codd.
480 894 590 956 acucbat,
601 899 630 943 ut
646 893 698 956 legi
711 892 791 957 jussit
808 891 970 942 Arent—47
987 891 1020 940 In
1036 891 1153 942 omnibus
1165 894 1243 944 codd.

146 964 175 1007 et
195 959 255 1007 edd.
277 959 410 1022 antiquiss.
436 958 484 1021 qai,
503 958 664 1022 improbante
683 955 778 1007 Arent.
799 957 868 1020 qnod
887 956 953 1005 Stat.
973 956 1081 1018 interpr.
1098 957 1169 1008 ‘'Qni
1183 973 1243 1007 cunr

146 1023 326 1150 msffiset'
336 1030 364 1072 et
372 1020 534 1087 qnarolebat
544 1027 627 1072 matre
638 1019 742 1070 minime
754 1021 867 1084 genitus,
875 1034 989 1084 magnas,
999 1018 1033 1069 ob
1044 1019 1071 1068 id
1080 1020 1170 1084 credo,
1182 1022 1243 1071 lites

640 1161 746 1213 NOTAE

144 1289 201 1338 quae
213 1272 312 1324 referre
328 1271 502 1323 frustraneum
520 1279 601 1336 esset,
612 1288 671 1323 cum
742 1278 775 1324 47
792 1274 889 1336 negas
905 1274 985 1337 tomo]
1000 1274 1008 1303 ‘
1021 1275 1128 1338 Longus
1146 1274 1241 1324 bomo'

145 1364 186 1398 res
207 1349 266 1413 ipsa
287 1349 323 1399 sit
345 1350 461 1399 omnibus
480 1356 569 1400 nostro
591 1351 670 1400 etiarn
710 1348 806 1399 (licitur
828 1349 921 1413 sapius
943 1351 1051 1400 stolidus
1069 1358 1096 1400 et
1117 1352 1242 1400 blennns:

145 1426 239 1474 saeculo
250 1425 392 1475 notissima.
515 1488 517 1492 ι
709 1426 784 1488 μέγας
802 1443 849 1492 pro
870 1427 961 1491 inepto
979 1434 1008 1477 et
1026 1428 1109 1478 bardo
1130 1429 1243 1478 sumitur

175 1505 208 1550 lb
226 1500 308 1549 Rubro
317 1501 455 1564 supercilio]
472 1501 615 1565 Eleganter
626 1502 670 1552 asl-
711 1502 998 1573 apuliAristopbsnem.

144 1574 247 1626 modum
273 1576 399 1625 minacem
426 1575 670 1626 excandescentium
742 1582 775 1626 ts
795 1579 888 1627 Falsum
907 1577 1013 1628 mendaci
1026 1581 1106 1626 uentre
1118 1572 1242 1640 puerperi-

144 1658 244 1713 3ostnm
256 1658 284 1699 et
294 1652 394 1700 vultum
404 1651 533 1715 expressit
550 1651 583 1699 ml
601 1653 669 1701 bunc
709 1654 760 1716 sm]
776 1653 843 1704 Quis
854 1667 947 1717 nempe
964 1654 1056 1701 nothus
1073 1659 1141 1715 erat,
1151 1658 1180 1701 et
1190 1667 1242 1716 qna

143 1724 200 1775 fere
217 1725 321 1775 modum
337 1725 495 1774 Petronius:
512 1724 670 1790 ‘Postquam
709 1726 813 1775 volebat
820 1726 906 1775 ‘matre
916 1726 1020 1775 minime
1032 1726 1153 1788 genitus:
1171 1726 1241 1776 unde

143 1815 172 1849 se
194 1801 274 1850 amari
292 1800 377 1856 penest
403 1800 569 1865 supercilium
591 1802 668 1852 altius
709 1800 874 1850 multaslites
885 1805 992 1850 cosctns
1003 1805 1044 1850 est
1055 1800 1193 1850 sustinere.

143 1876 262 1926 sustulit!
1223 1872 1235 1897 '¹

486 2234 691 2301 GARMEN
718 2236 894 2301 LXVIII.

556 2403 607 2449 nn
625 2388 819 2450 uenimus.

184 2531 295 2609 Qnon
310 2533 391 2596 mihi
405 2534 534 2598 fortuna
550 2553 699 2617 casuque
716 2552 897 2618 oppressus
912 2536 1045 2610 acerbo,

228 2632 464 2716 Conscriptum
477 2634 542 2698 hoc
556 2634 714 2716 lacrymis
728 2634 832 2697 mittis
847 2632 1049 2714 epistolium,

173 2780 242 2828 Illud
254 2780 357 2844 quidem
368 2781 563 2842 mibijnemnium
573 2784 617 2841 est,
634 2779 819 2843 cumdoqsidsm
835 2794 873 2827 me
884 2778 928 2828 tibi
936 2781 1008 2840 pulos
1016 2777 1128 2837 omnam,
1138 2763 1201 2838 quoii
1211 2779 1239 2823 trs

141 2856 262 2891 commeat
276 2844 407 2902 oportunis
417 2849 441 2893 et
450 2844 589 2907 iniqoofoto
599 2843 684 2892 scribis
691 2846 725 2891 nd
735 2858 772 2892 me
783 2842 890 2917 literatos
894 2841 994 2906 fletibus
1004 2841 1056 2890 tuis
1067 2844 1196 2888 commas:
1211 2842 1239 2886 st

601 2965 775 2985 mmm

172 3049 233 3099 ‘Ari
245 3049 371 3098 Manlium.
398 3047 430 3096 In
448 3047 586 3096 scribendo
606 3046 655 3096 boe
673 3047 775 3096 nomine
793 3047 852 3097 libri
864 3049 927 3098 Mss.
939 3053 967 3097 et
982 3045 1042 3096 edd.
1061 3050 1127 3093 vett.
1145 3044 1240 3093 mirum

139 3115 164 3163 in
187 3112 290 3162 modum
307 3112 474 3175 discrepant;
492 3111 614 3161 scribitur
634 3109 702 3158 enirn
725 3111 799 3160 modo
820 3113 918 3171 illelius,
936 3110 1012 3159 modo
1032 3108 1140 3168 Mallius,
1162 3107 1239 3156 modo

140 3177 265 3238 Manilius,
274 3177 351 3225 modo
363 3176 441 3226 Allius
448 3191 458 3233 ,·
469 3175 558 3224 eadem
570 3173 646 3237 hujus
656 3174 766 3222 nominis
777 3173 893 3224 confusio
904 3182 943 3226 est
955 3175 981 3222 in
993 3173 1048 3222 aliis
1058 3171 1240 3234 scriptoribus.

139 3241 205 3290 Vide
217 3256 280 3306 quos
297 3240 387 3290 laudat
406 3239 489 3289 Sant’
506 3240 629 3288 Doce-1
649 3237 714 3293 Quiri
733 3237 759 3286 in
776 3245 887 3303 quatuor
896 3239 969 3287 Sant.
980 3237 1056 3286 codd.
1086 3235 1176 3290 Qttoin
1187 3248 1239 3283 nno

138 3306 215 3355 Voss.
239 3312 375 3369 utrumque
393 3303 524 3368 improbat
544 3303 672 3353 noer-n
691 3303 844 3366 Conspectum
865 3303 921 3352 vult
939 3300 1048 3351 Schrad.
1071 3297 1239 3362 improbante

624 3445 731 3497 NOTAE

173 3564 186 3605 1
206 3558 275 3612 Quod
291 3558 351 3607 mibi
363 3558 475 3621 soriano]
500 3557 621 3618 Manlius,
640 3556 668 3605 in
709 3563 759 3618 tos,
771 3554 1082 3619 sibimitter'etiegendos.
1102 3551 1163 3602 Hac.
1174 3566 1237 3615 erpo

137 3634 210 3696 cujus
221 3633 329 3696 gratiam
339 3632 538 3694 Epithalamium
550 3629 667 3694 superins
708 3633 799 3698 Elegia
821 3632 1012 3694 elegantissima
1033 3635 1061 3679 et
1083 3629 1239 3692 politissima

137 3707 280 3770 scripserat
292 3705 488 3766 castinacum
499 3702 604 3754 uxorem'
620 3705 666 3756 Ju-
708 3707 847 3772 respondet
868 3708 996 3767 Catullns‚
1018 3719 1098 3768 seque
1117 3711 1239 3766 excusat,

136 3785 195 3835 liam
212 3783 268 3834 sato
288 3782 405 3834 functam
425 3783 564 3845 amisisset,
581 3783 665 3846 ipsum
706 3783 774 3847 qnod
795 3782 897 3848 utrique
917 3780 1040 3847 petitioni
1061 3778 1152 3829 facere
1174 3778 1237 3828 satis

137 3874 185 3922 per
203 3859 338 3924 epistolam
360 3862 507 3922 rogaverat,
529 3863 558 3905 nt
578 3856 613 3906 ad
635 3873 664 3908 se
704 3858 907 3923 misimepossit.
931 3856 1021 3906 Primo
1031 3868 1143 3918 namque
1159 3853 1236 3914 dicit,

137 3937 251 3986 carusius
261 3935 434 3986 consolatoria
449 3933 586 3998 leriberet,
596 3938 624 3983 et
634 3934 665 3983 li·
703 3949 731 3985 se
742 3935 831 3985 dolore
846 3949 879 3984 ex
890 3933 979 3983 fratris
997 3937 1081 3981 morte
1098 3934 1236 3979 contracto

130 4011 220 4075 ⁴bellos
239 4013 272 4063 de
288 4014 364 4063 rebus
381 4010 512 4062 amatoriis
526 4009 664 4073 jucundis·
704 4024 864 4075 oppressum,
874 4024 932 4060 cum
944 4009 1000 4072 ipse
1009 4005 1187 4057 consolatione
1198 4004 1237 4052 in·

138 4098 199 4150 qne,
209 4086 270 4138 dnm
284 4088 373 4152 junior
383 4093 454 4140 essct
464 4085 524 4140 olim
541 4085 665 4151 composi·
704 4084 803 4150 digest,
828 4084 891 4135 allos
920 4082 1048 4136 consolari
1073 4094 1125 4131 non
1152 4091 1237 4144 posse.
