2774 4702
137 330 203 399 196
489 349 520 395 c.
544 346 702 397 venenu
727 346 892 397 ceruum

139 493 170 563 Ο
185 492 285 556 nimis
299 495 416 575 optato
430 491 606 557 saeclorum
620 497 767 576 tempore
781 492 851 559 neti

138 594 284 672 Herulis,
297 593 436 670 salvete,
452 591 561 659 Deum
576 593 699 675 genus!
722 611 743 658 ο
760 594 850 657 boun
860 592 983 658 metm

137 694 215 761 Vos
230 715 292 778 ego
306 714 400 778 seepe
416 693 503 772 meo,
521 714 583 758 vos
599 694 745 758 carmine
759 693 986 777 compellabo.

138 796 256 881 Teque
271 795 355 860 adeo
369 796 495 860 eximie
511 794 610 860 tsedis
625 794 778 859 felicibus
794 801 891 861 eucte

137 897 327 964 Thessaliae
343 899 496 962 columen
511 897 627 976 Peleu,
641 898 724 981 quoi
739 897 876 982 Jupiter
889 897 976 981 ipse,

139 1002 222 1085 Ipse
236 1021 317 1066 suos
332 999 460 1067 Dirum
474 1000 601 1082 genitor
616 1001 784 1065 concessit
797 1018 940 1065 amores.

139 1103 233 1168 Tene
247 1103 365 1168 Thetis
379 1103 487 1168 tenuit
500 1102 720 1186 pulcherrima
733 1100 928 1189 Neptunius
939 1101 954 1164 l

139 1204 232 1270 Tene
247 1223 340 1269 suem
355 1204 483 1288 Tethys
497 1206 670 1270 concessit
681 1205 804 1269 ducere
819 1209 965 1287 neptem,

140 1305 373 1389 Oceanusque,
389 1309 473 1371 meri
486 1313 592 1372 totum
608 1309 667 1390 qui
676 1308 889 1391 ¹amplectitur
901 1306 1043 1373 orbensi
1200 1305 1248 1371 sn

145 1407 234 1493 Ques
250 1408 351 1477 simul
366 1414 491 1497 optetae
506 1409 600 1475 linito
616 1415 763 1494 tempore
778 1410 872 1475 luces

140 1508 326 1589 Adrenere,
341 1511 478 1576 domurn
493 1519 659 1578 conventu
674 1516 747 1577 tote
760 1511 950 1597 frequentet

138 1684 213 1734 mium
225 1683 297 1743 felici
307 1685 443 1734 semlerum
459 1700 509 1734 ceco
523 1685 609 1747 geniti,
626 1687 722 1748 solome,
737 1684 854 1734 Diuorum
869 1682 976 1734 seboim!
992 1683 1075 1732 stom
1090 1682 1186 1732 muter!
1201 1698 1245 1745 ego

37 1744 40 1749 “
140 1764 182 1798 scs
192 1747 333 1812 frequenter
343 1749 495 1813 interpellato
509 1750 568 1799 meis
586 1749 698 1799 emmim.
731 1749 779 1798 Sed
798 1755 822 1797 te
842 1749 962 1812 inprimis,
978 1763 992 1806 s
1009 1748 1094 1809 Peleu,
1115 1749 1248 1799 Tltsssulioe

138 1814 279 1877 presidium
300 1819 324 1862 et
345 1815 422 1877 decus,
444 1819 494 1866 tom
507 1812 578 1873 felici
598 1813 707 1875 conjugio
727 1813 873 1863 uehementer
892 1817 992 1872 meter
1017 1813 1057 1863 citi
1074 1813 1174 1876 Jupiter
1193 1812 1247 1877 ipss

140 1879 248 1927 Decrem
256 1882 325 1940 peter
335 1878 406 1927 cessit
416 1893 470 1927 suos
481 1893 580 1927 umores.
616 1881 654 1926 Αιι
665 1883 688 1926 te
698 1877 771 1941 cepit,
788 1892 803 1927 ο
814 1877 906 1942 Pelen,
919 1877 1000 1927 Tlstir
1011 1877 1039 1926 N
1066 1879 1149 1926 turine
1154 1875 1248 1939 formo·

141 1937 254 1991 smmi
286 1942 327 1991 An
348 1941 395 1990 titi
414 1943 522 2005 permisit
542 1942 629 2006 Tethys
643 1942 729 1991 hulme
745 1957 842 1992 uxorem
858 1946 951 2006 neptem
966 1955 1047 1992 susm.
1084 1942 1126 1991 An
1136 1941 1249 1991 ideticm

140 2005 255 2055 mscessit
265 2006 381 2068 Oemnus,
396 2007 436 2069 qui
452 2007 523 2056 undu
541 2008 592 2055 suis
613 2006 747 2056 universum
762 2006 840 2056 erlem
857 2012 977 2056 terrorum
992 2002 1086 2070 mugi?
1122 2004 1170 2056 Udi
1181 2019 1248 2057 reru

141 2070 192 2119 dies
210 2069 348 2134 septici-ron
364 2073 483 2134 expectati
502 2071 620 2120 destinato
639 2076 743 2135 tempore
760 2072 916 2136 memrot,
931 2072 1007 2121 omnis
1020 2070 1141 2121 russeum
1150 2084 1250 2137 magno

608 2197 790 2218 mm

143 2292 219 2345 quem
229 2279 312 2331 secuti
323 2279 394 2329 Mur.
410 2281 487 2330 Voss.
498 2279 550 2330 Vul
571 2315 578 2329 .
597 2286 625 2330 et
636 2281 686 2331 Ed.
698 2263 837 2330 suom-id
854 2279 887 2330 lu
899 2280 1028 2331 nonnullis
1048 2285 1113 2330 vett.
1132 2279 1254 2344 ilretidir,

142 2358 191 2458 pro
203 2358 254 2409 quo
264 2345 314 2406 legi
322 2345 399 2420 jubet
410 2346 507 2395 Arent.
525 2350 536 2393 t
565 2345 599 2394 is:
622 2345 648 2393 in
667 2345 785 2421 erunibus
798 2347 864 2395 Stet.
880 2344 960 2421 codd.
975 2343 1178 2421 ilretis3-26uln
1191 2346 1250 2408 qui·

162 2409 250 2458 nsdnm
267 2409 397 2458 AEmctlnre
411 2411 532 2468 columem
551 2409 618 2458 haud
631 2410 710 2459 dubie
721 2424 754 2459 ex
766 2411 860 2473 glossa,
879 2417 965 2473 rnant
981 2409 1061 2458 Doer.
1072 2423 1099 2456 ιιι
1110 2408 1167 2458 slus
1182 2414 1249 2458 tutu·

142 2488 211 2522 mers:
227 2473 357 2522 nonnullae
380 2481 445 2524 rett.
464 2489 511 2537 pro
529 2476 584 2537 quoi
602 2475 700 2523 liabent
715 2489 768 2523 eum
787 2475 828 2522 vel
841 2473 957 2523 cui—30
975 2474 1126 2535 Oceanusque
1135 2477 1204 2536 puter
1221 2473 1250 2523 in

143 2537 203 2588 edd.
214 2544 280 2587 vett.
290 2552 348 2587 curu
360 2539 430 2588 Mor.
439 2539 539 2603 Gryph.
550 2544 578 2588 et
589 2539 661 2587 aliis:
679 2539 705 2587 in
714 2538 906 2591 omnitussme.
918 2536 995 2588 codd.
1014 2538 1166 2603 Oceanusque
1176 2537 1250 2600 moi,

143 2602 271 2665 probante
284 2609 311 2652 et
321 2601 483 2653 defendente
494 2603 665 2653 Mitem—31
696 2603 745 2659 Qui
755 2604 826 2652 mmet
835 2619 858 2651 o.
864 2601 889 2662 f.
900 2607 919 2652 t.
931 2601 990 2652 lucis
1007 2601 1034 2650 in
1054 2617 1133 2664 marg.
1149 2602 1252 2657 Vener,

52 2730 60 2752 ι
142 2666 306 2730 improbante
323 2667 497 2718 Mincii—32
518 2668 553 2716 Ut
562 2683 646 2717 venere
659 2668 736 2717 Voss.
750 2668 825 2730 vulp.
836 2673 865 2716 et
875 2667 949 2716 Bseh
963 2665 996 2716 nd
1010 2665 1106 2716 Tibull.
1117 2680 1144 2731 p.
1156 2670 1251 2716 289.-

645 2811 753 2861 NOTAE

143 2935 213 2995 muni
235 2920 370 2984 AEnciden,
394 2922 610 2987 formidatamque
630 2924 678 2972 To·
717 2924 905 2980 mundusisto
922 2925 1006 2990 majus
1021 2924 1251 2986 imeneorum-

144 2997 218 3064 nenti
234 2996 400 3062 Progeniem,
419 3006 447 3048 et
467 3000 552 3063 petrin
569 2999 677 3049 vetitam
716 3000 756 3048 vis
766 2998 835 3049 haud
845 3001 1004 3065 tepidossub
1016 3008 1254 3066 pectoresenserst

144 3071 288 3127 succedere
299 3072 382 3122 coelo?
717 3075 789 3141 ignes
798 3076 914 3142 Jupiter,
925 3092 1050 3143 aeqnoreae
1061 3077 1254 3129 Thesidiscon·

177 3151 208 3204 25
227 3147 507 3212 Tedisselicibusuuete]
539 3151 623 3202 Quem
640 3149 678 3199 ni·
717 3153 890 3203 nubiaritet:
914 3152 1253 3218 InquesueAEscidenscc.

144 3224 238 3274 mirum
262 3232 315 3274 tam
334 3224 467 3275 fortunato
486 3226 614 3278 connubio
634 3241 678 3275 cu·
718 3226 811 3277 cedere
829 3235 888 3277 vote
905 3234 1029 3291 nepotem
1045 3228 1137 3290 lussit,
1153 3235 1182 3278 et
1198 3243 1253 3281 ern-

144 3300 252 3359 mnlerit
261 3301 377 3369 Jupiter,
388 3307 417 3349 ut
434 3316 493 3350 suos
509 3301 559 3365 ipsi
578 3315 677 3350 emeres
718 3302 810 3367 pierius
822 3303 847 3352 iu
860 3303 966 3367 virginis
976 3303 1014 3352 ire
1025 3301 1151 3352 marinis!

145 3380 312 3444 concesserit,
334 3387 364 3428 ut
394 3381 531 3445 sequentia
559 3379 678 3429 indicent
749 3385 782 3431 28
804 3382 970 3431 Pulcherrima
989 3378 1137 3444 Neptuniis]
1171 3379 1255 3433 Filio.

146 3455 235 3525 uerba.
718 3471 775 3505 rum
792 3455 913 3519 Neptuni
927 3453 1121 3507 formosissime.
1160 3454 1253 3509 Simile

178 3535 212 3581 26
231 3531 519 3599 montismilitis]
543 3533 625 3596 Regio
636 3538 678 3582 est
718 3540 757 3583 est
769 3531 840 3596 epod
849 3531 958 3582 Theocr.
976 3538 1005 3580 et
1023 3529 1126 3580 Gallim.
1143 3529 1254 3581 ’nmat-

147 3621 205 3674 quae
223 3614 252 3659 et
264 3608 394 3658 Thessalia
410 3615 438 3657 et
449 3606 604 3658 Macedonia
615 3606 677 3657 dici·
718 3625 763 3670 mr:
788 3614 816 3659 et
834 3607 903 3672 apud
920 3607 1014 3670 Virgil.
1031 3605 1152 3656 ‘Nerine
1173 3607 1253 3657 (leln-

147 3694 200 3735 tur.
720 3683 779 3739 tee’
811 3684 864 3734 Hic
876 3698 951 3747 porro
964 3682 1116 3747 Neptunum
1127 3697 1187 3737 cum
1196 3683 1254 3735 Ne·

153 3749 158 3763 ⁹
177 3765 210 3817 2?
228 3761 319 3811 Divum
337 3759 438 3810 Genitor
452 3758 566 3808 concessit
576 3758 677 3823 amores]
718 3777 765 3812 reo
775 3759 921 3813 confundit.

145 3833 283 3908 'l'lretidem
306 3835 401 3886 habere
424 3834 531 3885 tandem
553 3835 677 3897 permisit.
735 3826 783 3888 '29
802 3837 940 3888 Tenessmm
954 3833 1052 3900 Tethys]
1068 3833 1257 3899 fleureium,

147 3910 226 3971 ovid,
244 3913 312 3962 Met.
330 3924 371 3966 xi.
389 3911 511 3973 ‘Nempe
522 3911 679 3960 senexThe·
720 3914 804 3982 prime
815 3914 993 3979 producte,et
1013 3925 1072 3961 cum
1091 3911 1253 3974 aspiratione

146 3977 196 4051 tidi
207 3986 336 4041 Protheus
348 3986 507 4050 predixerat
524 3985 594 4050 udae,
612 3987 678 4037 Cou-
718 3991 746 4043 in
756 3991 872 4042 secunde
881 3989 988 4056 syllaba,
1005 3995 1047 4040 est
1062 4002 1128 4039 uxor
1138 3994 1254 4039 etscror

147 4060 224 4127 cipe;
242 4068 326 4115 muter
336 4061 388 4111 eris
400 4059 503 4124 juveni,
514 4061 558 4126 qni
568 4059 679 4112 fortibus
720 4065 833 4131 Oceani,
842 4074 924 4117 meter
939 4064 1053 4128 Doridis,
1071 4078 1130 4129 quie
1147 4077 1190 4125 ex,
1201 4054 1257 4114 Ne·

148 4135 224 4202 ermis
243 4137 313 4191 Acte
330 4139 413 4202 petris
433 4139 527 4203 vincet,
543 4138 680 4204 meiorque
719 4157 765 4195 rec
776 4143 866 4206 genuit
877 4139 1151 4207 incircumscriptis
1169 4147 1198 4197 st
1215 4140 1255 4191 0-

147 4213 283 4269 verebitur
303 4218 355 4285 itlo.
396 4217 467 4283 Ergo
489 4231 524 4269 ne
541 4217 681 4285 quicqum
719 4217 918 4283 semiseptem.
