2774 4702
318 298 352 345 o.
376 295 534 344 vesunu
559 294 722 344 ceruam
746 295 903 345 oauuau
930 296 1049 344 xcvii.
1162 281 1229 348 483

136 435 224 503 ,μού
234 434 436 498 inscribebatur,
453 435 580 496 contexit,
590 435 666 499 cujus
703 435 809 499 pliciter
818 435 894 498 dlxlt,
905 435 1091 488 Ciroalocsm
1096 452 1106 495 ,·
1125 439 1153 485 et
1170 437 1236 503 sims

136 512 461 577 tritium,¹1amt‹ttunal
469 511 599 576 Δαρδανίην
613 514 665 575 ips-
703 510 764 574 plici
793 511 874 561 verbo
901 512 998 561 dlcitur
1025 510 1174 576 κορκούεύειοι
1200 519 1229 562 ut

136 591 224 652 πινύμ.
257 592 322 640 Eam
336 589 446 640 Iliadem
456 590 558 639 Larius
578 595 666 640 vetos·
703 587 774 650 apnd
787 587 970 652 Epiphaniam,
985 591 1138 648 arsamosata
1153 607 1229 654 κορκο·

138 669 251 718 tissimus
262 665 342 729 polita
357 664 456 714 latinis
476 665 591 714 versibus
608 664 666 714 red·
702 661 824 714 Μέντις.
857 663 890 712 In
901 664 1016 716 Glossis:
1030 665 1229 730 corrumpente·

138 742 257 791 diderat:
275 754 420 804 quanquam
438 739 551 789 dnbitsri
568 747 667 804 potest,
705 739 835 804 Circitaru,
860 738 982 804 κερκούούο·
1017 755 1091 804 cger,
1124 741 1229 806 rooepds.

138 831 173 865 an
199 816 232 865 rt
256 814 376 878 Κοκριοκύ
396 823 424 864 et
443 814 519 878 simpl
538 814 611 864 ’laris
631 815 666 865 sit
703 815 792 866 Quare
802 829 854 865 non
873 815 1011 866 obscurum
1022 822 1072 879 est,
1090 832 1169 881 quare
1180 819 1231 883 Cy·

136 891 216 942 idem.
251 892 320 940 Nam
332 892 380 938 ruis
390 892 525 953 Κνκριοκᾶν
535 897 666 939 auctorem
702 891 796 940 clicum
814 893 969 957 scriptorem
987 892 1230 943 vocaritlloratiua

139 967 206 1018 iacit
228 967 413 1030 Dicsaogeuern
436 966 601 1030 Aristoteles,
622 968 666 1026 τῆς
703 966 850 1029 Stasimum,
866 974 997 1017 auctorem
1007 966 1230 1032 κῆοΜικρᾶοἸλιύ-

139 1044 229 1108 stupas
241 1039 340 1092 Ἰλιάδος
356 1042 494 1091 Stasimum
514 1042 573 1091 alii:
597 1042 665 1092 unde
701 1043 749 1091 dor.
760 1041 847 1092 κύκλον
864 1042 933 1092 idem
950 1043 1075 1094 Horatius
1093 1045 1174 1095 vertit
1191 1060 1230 1094 or·

133 1119 245 1184 ‚Cypria
258 1117 355 1171 Iliados
366 1117 468 1166 nomine
479 1117 617 1183 acharisio
629 1119 666 1168 ci·
702 1117 766 1168 desa:
783 1120 860 1170 ‘Nac
879 1119 950 1169 circa
966 1120 1083 1184 patulum
1102 1120 1230 1187 vilemque

139 1200 220 1245 tatur.
253 1193 296 1243 Sic
307 1191 475 1242 Antimachus
492 1208 598 1243 orsurus
612 1193 666 1244 bel·
702 1194 843 1244 morabaris
862 1195 969 1248 orbem?
1001 1196 1067 1248 Quae
1085 1197 1171 1247 omnia
1192 1198 1231 1247 in·

139 1271 192 1320 inm
204 1269 355 1319 Thebanum
369 1268 403 1319 ab
419 1269 527 1319 interitu
537 1269 666 1334 Meleagri
703 1276 832 1334 terpretes
843 1271 980 1321 Horatiaui
997 1271 1024 1321 in
1043 1273 1097 1323 suis
1115 1271 1166 1323 illis
1183 1273 1230 1322 im·

140 1347 249 1411 incepit,
265 1361 282 1394 a
292 1359 344 1409 quo
354 1346 388 1394 ad
404 1345 514 1395 reditum
529 1345 665 1395 Diomedia
703 1346 821 1396 manibus
842 1347 1039 1397 Commentariis
1058 1362 1108 1397 nou
1126 1348 1229 1398 docent.

141 1422 234 1486 viginti
262 1428 373 1485 quatuor
393 1421 473 1470 libros
494 1421 667 1472 continuavit
704 1421 763 1472 Hoc
783 1423 863 1486 igitur
880 1424 949 1472 ridet
968 1425 1084 1474 Catullus
1099 1424 1126 1473 iu
1138 1425 1232 1485 cinna,

139 1497 207 1548 vide
219 1497 241 1546 si
253 1503 334 1564 totam
349 1495 446 1559 poesim
466 1495 499 1544 ad
518 1495 666 1546 umbilicum
703 1498 747 1562 qui
759 1497 861 1548 videtur
869 1499 1000 1548 historiam
1011 1499 1112 1549 Cinarae
1121 1505 1150 1550 ct'
1159 1501 1231 1562 Myr·

140 1572 313 1638 perduxisset,
328 1571 397 1635 qnod
416 1578 497 1621 morte
519 1577 667 1634 preventus
703 1573 766 1636 rhu,
782 1588 856 1637 quam
878 1573 1013 1635 Smyrnam
1035 1579 1120 1633 vocat,
1142 1574 1231 1633 altius,

132 1648 304 1712 nonpotuit,
320 1653 383 1711 quot
398 1646 478 1695 millia
497 1660 615 1696 versuum
633 1649 666 1696 ad
703 1662 778 1713 qnam
802 1648 905 1712 poetam
927 1647 1014 1711 decet,
1037 1647 1179 1711 repetisse:
1203 1655 1232 1698 et
1335 1661 1338 1666 ’

140 1730 251 1774 mortam
261 1721 397 1786 OEdipodis
414 1720 559 1771 effudisset·
590 1721 666 1772 Istud
703 1740 765 1775 sanc
782 1732 889 1789 oportet
905 1724 1015 1775 Cinnam
1031 1725 1099 1774 circa
1113 1724 1229 1787 patulum

140 1802 221 1866 igitar
231 1801 333 1866 po'e'ma,
344 1800 405 1864 qnia
416 1799 516 1864 prolixo
533 1798 623 1848 ordine
634 1813 666 1848 ac
703 1801 791 1850 orbem
801 1800 916 1849 historias
927 1806 1063 1861 moratum,
1079 1799 1121 1863 qui
1137 1812 1229 1848 noveru

140 1885 213 1929 recto
234 1884 323 1928 tractu
344 1882 426 1926 totam
447 1889 502 1923 rem
521 1874 668 1938 exequitur,
702 1874 776 1924 annis
792 1874 856 1924 illud
875 1889 940 1938 opns
957 1875 984 1924 in
995 1875 1089 1924 incude
1099 1873 1229 1925 habuerit.

139 1951 226 2003 κύκλον
242 1951 339 2001 dicitnr
355 1966 371 2000 a
388 1949 506 2010 Graecis;
524 1963 605 2013 eoque
621 1963 667 1999 no·
703 1951 771 2000 Nam
781 1951 845 2014 qnid
855 1965 913 2002 enm
933 1952 1020 2015 potuit
1030 1951 1096 2001 adeo
1107 1953 1231 2003 remorari

138 2029 208 2078 mine
216 2041 286 2090 saepe
295 2024 514 2090 abAristophauis
523 2024 667 2089 interprete
702 2042 769 2077 unus
790 2033 881 2090 partus
903 2034 950 2078 aut
972 2042 1044 2077 amor
1057 2028 1186 2093 Myrrhae,
1208 2027 1231 2077 si

139 2105 192 2154 alia
213 2103 297 2167 podsis
318 2102 422 2150 nomine
443 2100 531 2150 κύκλον
555 2101 665 2151 citatur:
703 2104 825 2166 nonalia,
841 2105 936 2168 quibus
956 2104 1048 2154 leuiter
1064 2102 1170 2167 defungi
1184 2118 1231 2167 po·

138 2177 380 2230 itema‘l'hemistio
389 2177 546 2225 Ἀναλυτικῶν
554 2173 668 2239 Ὗστύρον
704 2183 783 2240 terat,
798 2179 924 2229 curiosius
944 2178 977 2228 ab
997 2179 1093 2242 ignotis
1115 2178 1231 2228 historiis

139 2256 162 2305 1.
170 2269 190 2304 r.
211 2253 239 2302 Ei
249 2252 275 2303 δὲ
285 2251 383 2313 λέγεται
393 2250 487 2310 aslis-q
505 2250 557 2299 rard
572 2251 668 2313 κύκλος,
704 2254 858 2315 repetisset?
891 2255 1035 2316 Propterea
1046 2268 1107 2303 sane
1116 2268 1181 2316 opus
1192 2255 1231 2303 illi

139 2332 196 2381 ἀλλ’
204 2330 247 2379 ούκ
257 2330 286 2394 ἐᾷ
298 2330 373 2378 τοῦτο
383 2327 469 2376 κύκλον
480 2327 609 2382 ύκολοβκῖν
624 2326 667 2376 τὸν
703 2327 753 2377 fuit
764 2327 841 2378 docto
859 2328 938 2378 Delio
957 2335 1076 2378 natatore
1092 2329 1123 2378 L.
1134 2329 1231 2378 Crassi·

140 2400 536 2468 γωμύορηνύκοῦκύκλουλύγοο.
559 2401 667 2455 Dicitur
703 2404 751 2464 tio,
772 2403 862 2453 intima
881 2403 925 2452 cui
946 2404 992 2452 soli
1013 2403 1082 2452 illius
1105 2403 1230 2467 poematls
1291 2445 1296 2455 .

140 2495 242 2546 qnoque
262 2478 353 2529 eadem
371 2478 457 2542 po'e'sis
472 2476 583 2527 κυκλικὸν
602 2474 666 2527 hor.
703 2479 919 2529 notaextiterint.
944 2481 1032 2531 Quare
1044 2477 1231 2527 desinautdoc·

142 2560 236 2609 Athen.
248 2557 293 2606 lib.
300 2570 350 2606 vn.
362 2554 460 2619 Ἐχαορκ
468 2553 493 2604 dl
501 2555 626 2616 Σοφοκλῆν
633 2554 668 2615 τᾷ
704 2554 725 2604 ti
745 2553 777 2603 de
792 2554 892 2621 judicio
909 2553 1016 2613 Catulli,
1031 2552 1100 2616 quod
1118 2552 1151 2602 de
1169 2552 1231 2615 poie-

140 2635 212 2696 ἐπικῷ
220 2633 306 2696 κύκλῳ,
317 2633 347 2682 ds
355 2629 394 2681 sal
404 2631 450 2680 ύλκ
460 2629 563 2694 δράκοντα
572 2631 668 2688 ποιῆσον
702 2637 771 2680 mate
783 2630 858 2680 amici
868 2630 908 2679 sui
919 2629 989 2691 facit,
1000 2628 1138 2677 dubitare·
1150 2628 1230 2678 Certo

140 2711 318 2759 κατακολουθῶν
344 2710 376 2772 τῇ
397 2708 423 2755 ἐν
439 2704 518 2768 τούτῳ
536 2704 666 2770 μνύοποούᾳ.
704 2704 877 2755 certinsanim
886 2709 937 2762 est,
945 2714 997 2750 uon
1006 2701 1044 2749 illi
1054 2700 1157 2763 placere
1165 2702 1230 2751 illud

142 2787 210 2836 Nam
217 2783 296 2844 κύκλῳ
303 2780 668 2838 διδύοκεινοοῑ,ιιί1ιὶιοωίῑῐοκο
705 2777 835 2840 poenam
845 2782 955 2840 propter
965 2776 1067 2835 molem,
1083 2782 1112 2825 et
1123 2783 1230 2840 propter

140 2862 167 2912 in
178 2860 309 2913 docendo:
325 2855 486 2917 κνκλοκκούύα,
501 2862 542 2905 est
555 2854 669 2903 Omissa
704 2853 901 2909 obscuritatem,
910 2866 1055 2918 quanquam
1065 2851 1127 2901 sord
1136 2851 1231 2915 οοηχύ-

139 2939 228 2988 artium
238 2936 371 2997 decipitne,
387 2948 445 2998 qua
456 2939 485 2982 et
495 2932 521 2980 ἐν
530 2928 609 2993 κύκλον
617 2948 668 2979 ποι·
704 2943 770 2994 prou
779 2933 808 2978 et
816 2926 986 2978 eruditionem
997 2932 1024 2976 et
1033 2925 1193 2990 diligentiam
1202 2928 1230 2976 iu

139 3014 190 3063 delo
210 3012 319 3062 dicitur:
336 3009 414 3071 κύκλῳ
431 3010 471 3058 rel
486 3007 583 3072 κερκύύφ
603 3010 667 3070 θορο-
705 3020 738 3055 eo
757 2997 854 3066 laudet,
870 3009 899 3052 et
917 3009 1053 3067 acceptum
1071 3001 1127 3052 iore
1146 3002 1229 3058 doctis

140 3088 217 3139 κεύκιν
234 3094 284 3151 est,
301 3086 371 3151 qnod
382 3085 488 3135 Latinus
507 3092 598 3133 auctor
608 3083 668 3132 sim·
706 3081 784 3130 dicat.
801 3080 875 3129 [ders.

495 3357 701 3427 CARMEN
730 3353 865 3423 XCVI.

172 3553 187 3598 s
207 3548 267 3596 Cam
285 3545 400 3595 desiduis
420 3549 508 3593 oetam
527 3554 666 3613 rmooasras
704 3536 810 3601 scriptis
818 3534 997 3600 etantiquitns
1006 3534 1083 3585 editis
1091 3535 1163 3588 libris
1172 3554 1230 3604 pos·

139 3623 243 3686 umores]
255 3622 374 3685 Repone,
386 3621 438 3676 Quo
448 3618 577 3669 maderio:
589 3618 626 3667 ita
636 3622 665 3666 et
704 3615 855 3671 tulautibua
872 3612 936 3662 Saul.

492 3859 697 3930 CARMEN
731 3858 886 3926 XCVII.

172 4073 186 4118 1
206 4068 261 4117 Nos
274 4065 322 4128 tro]
347 4066 418 4128 Lege
436 4079 487 4115 uon
505 4061 621 4113 absimile
639 4061 667 4110 in
705 4077 739 4120 μοι
749 4059 774 4121 7(
785 4059 803 4107 ai
813 4053 923 4122 κρκκτύο.
939 4055 1021 4105 Saul!

140 4142 301 4204 Anthoiogia
311 4141 356 4189 lib.
364 4153 397 4188 11.
413 4140 503 4202 Epigr.
514 4141 555 4188 25.
572 4136 601 4185 sl
611 4133 667 4185 ord·
737 4140 753 4184 8
771 4135 843 4184 Nihil
863 4134 898 4183 'est
915 4132 1058 4183 immundius
1074 4129 1128 4194 s'llo]
1145 4129 1231 4195 Magis

205 4222 292 4286 Delplr.
301 4227 324 4271 cl
341 4223 396 4272 l'ur.
406 4221 471 4270 Cloe.
530 4237 532 4241 ·
647 4216 728 4266 Coial.
1089 4192 1125 4258 ¹2
1142 4211 1166 4260 Ε
