2774 4702
571 351 727 400 GARMBN
753 352 855 400 cxlv.

152 490 298 568 Currite,
314 489 474 555 ducentes
489 489 684 569 subtemina,
701 493 834 570 currite,
848 493 926 559 susi.

155 620 161 627 ·
198 592 351 675 Denique
366 591 461 655 testis
475 592 537 656 erit
551 590 649 655 morti
664 609 800 675 quoque
815 590 926 657 dedita
939 593 1075 677 prteda:

152 688 241 754 Cum
254 696 340 755 teres
354 691 490 755 excelsu
505 695 736 756 coacervatum
750 711 869 775 aggere
881 694 1015 759 bustum

151 790 310 874 Excipiet
324 791 441 856 niveos
455 792 620 876 perculsae
635 791 773 875 virginis
789 798 890 858 anus.
1182 797 1249 865 865

151 889 294 969 Currite,
310 892 468 957 ducentes
483 894 685 971 subtemina,
701 895 831 972 currite,
845 893 922 960 susi.

196 991 287 1055 Nam
302 992 442 1057 simulac
456 993 554 1057 fessis
568 994 696 1058 dederit
708 994 778 1058 fors
794 995 927 1078 copiam
943 990 1083 1059 Achivis

151 1090 254 1156 Urbis
267 1092 450 1157 Dardaniae
461 1091 642 1176 Neptunia
657 1093 786 1158 solvere
800 1095 933 1158 vincla:

148 1191 232 1255 Alta
245 1191 431 1276 Polyxenia
444 1192 621 1259 madefient
634 1193 728 1259 caede
744 1195 917 1278 sepulcra;

150 1291 253 1370 Quae,
267 1295 356 1358 velut
370 1295 510 1378 ancipiti
524 1296 747 1360 succumbens
760 1287 898 1362 victima
912 1298 1009 1377 ferro,
1181 1299 1246 1366 370

149 1392 317 1477 Projieiet
330 1399 481 1459 nuncum
494 1397 671 1460 summisso
685 1396 814 1480 poplite
828 1416 964 1480 corpus

149 1491 294 1572 Gunite,
311 1495 466 1559 ducentes
482 1496 682 1572 subtemina,
700 1496 831 1573 currite,
846 1497 928 1561 fusi.

192 1592 305 1672 Quare
319 1596 418 1677 agite,
435 1602 571 1680 optatos
585 1597 688 1661 animi
702 1596 889 1680 conjungite
903 1617 1052 1677 amores3

145 1798 205 1861 hui,
214 1799 353 1912 maizein.
382 1801 484 1850 deem
493 1803 567 1852 etium
576 1803 644 1852 tedia
653 1803 732 1853 aderit
742 1801 907 1876 ipsiuspraedu
916 1805 962 1852 late
973 1802 1073 1865 medin,
1087 1802 1179 1866 mande
1194 1817 1248 1855 coa·

144 1867 264 1939 Qum
288 1879 332 1938 ..⁰.
347 1868 419 1914 terra
437 1867 525 1940 tumide
541 1869 679 1941 sepulcrum⁴
690 1866 739 1926 ejus
757 1867 857 1915 cuudidc
873 1867 977 1942 membru
996 1870 1106 1943 madata
1116 1867 1246 1931 Ponam

78 1972 84 1985 ·
146 1928 1246 2056 medictitisitttttttct‘ttttmitttttttttitttz

146 2052 196 2101 rrioe
204 2067 220 2102 c
228 2053 338 2116 Neptem
350 2061 549 2104 commotorum:
565 2061 622 2107 tunc
632 2058 735 2107 cccclcua
745 2057 847 2106 Achillia
855 2059 958 2106 tumulus
967 2056 1122 2120 persuadetur
1131 2058 1246 2121 magum

148 2116 346 2180 Polycratem
354 2124 381 2166 ut
390 2119 468 2168 bestie
476 2121 629 2181 prmumtm
643 2120 725 2182 gladio
739 2121 858 2182 utrimque
874 2127 943 2169 ceute
955 2121 1067 2195 projiciet
1082 2120 1170 2183 inflexo
1184 2136 1247 2183 genu

144 2180 314 2246 mupite
322 2187 464 2233 truncatum.
486 2184 593 2248 Currite,
602 2184 700 2247 currite,
711 2183 789 2247 esuri,
799 2189 880 2233 mutes
889 2188 1000 2233 clumam.
1027 2185 1076 2234 Eia
1086 2185 1167 2249 isque
1176 2185 1246 2234 amul

605 2328 785 2351 m

140 2418 237 2471 Burni.
245 2420 283 2471 11.
291 2423 365 2472 malit
373 2428 501 2486 cnutum
508 2441 518 2483 ;
534 2425 579 2474 sed
589 2427 652 2475 leet.
661 2434 777 2476 nostram
789 2425 908 2476 defendit
919 2425 1106 2475 Mittam-86³
1118 2424 1184 2474 Hac
1196 2425 1245 2474 La·

145 2482 320 2535 etutcmtur
332 2487 359 2535 iu
371 2485 413 2536 ed,
426 2502 502 2538 anum
528 2489 580 2537 Pro
592 2489 663 2538 morti
672 2491 698 2538 in
706 2489 859 2553 quibusdam
867 2490 949 2548 murti,
960 2487 1123 2550 improbante
1132 2488 1245 2537 Boen—

140 2548 195 2608 ‚ffl
208 2546 273 2597 'Gaui
282 2551 353 2597 terme
369 2550 396 2598 in
407 2550 499 2601 Heius.
517 2551 592 2602 cedd.
601 2552 673 2600 unde
684 2552 737 2614 ille,
751 2553 813 2600 Cum
824 2553 911 2600 Teucro
919 2564 998 2599 ccccc
1008 2566 1029 2598 c.
1039 2549 1134 2610 agmine
1143 2549 1244 2600 tuem

145 2612 227 2665 -ddl
243 2611 275 2660 ln
292 2613 396 2663 Marcii.
408 2615 563 2664 membranis
572 2617 700 2676 porculum
717 2615 744 2663 in
762 2612 823 2663 Ald.
844 2615 914 2662 Mar.
933 2619 961 2662 et
978 2613 1035 2661 aliie
1050 2626 1175 2675 percurre,
1186 2626 1246 2676 pro·

138 2672 226 2739 latnie
247 2675 340 2726 eodem
364 2677 550 2728 Marcii-³67
568 2679 635 2727 Haec
657 2678 759 2741 Atropo
778 2674 873 2727 dantn'r
888 2678 915 2725 in
933 2675 975 2725 ed.
992 2689 1068 2726 anon.
1102 2677 1245 2726 Numrimul

143 2734 205 2786 bunc
215 2737 243 2786 in
254 2739 381 2789 nonnullis
392 2741 468 2791 codd.
482 2749 549 2790 teste
561 2741 633 2791 Bacb
643 2741 675 2790 ad
687 2741 784 2791 Tibull.
796 2755 816 2791 ι.
832 2747 855 2789 5.
865 2745 906 2789 56.
923 2741 949 2788 in
961 2739 1018 2788 aliis
1029 2753 1079 2788 mm
1093 2738 1245 2803 profore.—

145 2800 244 2850 3691n
264 2803 381 2852 omnibus
399 2805 464 2853 stat.
483 2810 510 2853 et
529 2806 598 2854 Scal.
617 2804 692 2856 codd.
709 2807 854 2865 mammem
875 2805 942 2854 Stat.
963 2804 1029 2867 conj.
1046 2803 1245 2853 medicem.-

145 2866 203 2914 uto.
216 2868 262 2914 ³⁷1
281 2866 366 2929 Hujus
378 2869 594 2930 interpunctionis
609 2868 712 2919 leudem
733 2869 782 2920 eibi
804 2875 909 2932 arrogat
919 2870 1001 2917 Dour.
1012 2874 1039 2917 ct
1048 2867 1075 2916 h.
1088 2868 1244 2917 Lucetium

143 2925 374 2993 interpuugiturin
386 2931 428 2981 ed.
440 2937 597 3011 auom—3⁷3⁰·
614 2933 680 2985 Haec
691 2934 784 2984 Clotho
794 2933 889 2983 dantur
908 2932 934 2981 in
951 2932 1132 2981 eudem-tlt
1150 2931 1182 2981 ln
1200 2930 1242 2982 ed.

644 3092 752 3170 noun

144 3199 176 3249 tt
210 3197 289 3250 ovid.
301 3199 673 3266 ‘SanguineTlepolemuuLy-
714 3203 815 3264 lyxenae
829 3214 846 3248 a
863 3200 964 3263 Pyrrho
983 3199 1016 3248 ad
1033 3197 1115 3264 patrls
1134 3198 1242 3247 Achillis

143 3274 212 3324 ciam
219 3273 384 3339 tepefecerat
393 3277 508 3327 bartam?
715 3273 860 3338 sepulcrum
871 3271 1031 3333 interfectae,
1045 3278 1075 3320 nt
1091 3269 1171 3333 ipsius
1187 3271 1244 3319 Ma-

139 3394 142 3399 .
177 3352 226 3398 863
253 3350 335 3400 Morti
360 3367 448 3415 quaem
475 3350 557 3400 dedita
583 3349 674 3412 preda]
715 3347 875 3396 nibusceuto
890 3344 993 3408 virginis
1012 3341 1134 3407 sanguina
1152 3356 1244 3406 paren·

144 3420 240 3473 Acbilll
250 3429 353 3475 mortuo
371 3425 434 3476 data
451 3425 586 3489 Polyxena
602 3423 675 3487 quari
716 3427 794 3472 taret.

141 3510 206 3560 parc
222 3499 384 3564 predaeipsi
398 3499 496 3565 debita,
513 3504 675 3563 nepoteque
747 3500 795 3546 868
815 3493 887 3545 Urbis
903 3492 1034 3545 Dcrdeuioe
1053 3491 1176 3556 Neptunia
1191 3492 1243 3543 uin·

144 3571 205 3623 vieo
222 3573 275 3637 ipsi
292 3572 379 3625 fuerat
395 3577 535 3640 promissa:
554 3581 582 3625 et
599 3588 675 3639 quam
713 3572 762 3634 ela]
789 3571 856 3622 Quin
867 3584 961 3634 nempe
972 3568 1065 3618 moenie
1073 3567 1144 3617 urbia
1154 3567 1243 3630 Trojee
1288 3611 1292 3623 ,

144 3661 204 3696 enm
214 3656 285 3698 emet
297 3650 422 3701 ducturus
430 3652 456 3701 in
468 3651 565 3714 templo
576 3649 675 3714 Apolli-
714 3647 818 3697 fuerant
830 3660 846 3695 a
857 3646 982 3710 Neptuno
991 3652 1018 3695 et
1030 3643 1152 3709 Apolline
1163 3641 1242 3693 aediti·

143 3722 184 3771 nia
194 3737 217 3771 a·
226 3723 323 3774 Paride
336 3725 494 3777 interfectos
514 3733 563 3776 eat.
597 3726 674 3776 Unde
714 3730 782 3786 cata,
801 3723 977 3774 Laomedonte
999 3721 1114 3771 Deorum
1137 3730 1241 3787 operam

140 3809 202 3847 cum
214 3801 351 3865 Polyxena
367 3803 541 3866 Neoptolemo
553 3815 598 3850 sen
608 3801 675 3864 Pyr·
715 3796 886 3850 conducente.

143 3884 191 3933 cbo
204 3879 312 3931 Achillia
321 3877 385 3936 filio,
396 3884 472 3941 captu
479 3877 535 3940 jam
546 3876 634 3938 Troja,
648 3876 674 3924 in
746 3878 794 3924 atu
814 3873 919 3924 Victima
930 3872 1012 3935 serre]
1030 3870 1090 3921 Non
1101 3873 1201 3919 tantum
1212 3873 1241 3917 ut

143 3955 242 4022 prada
259 3954 385 4005 divisione
394 3953 551 4015 obvenisset,
560 3952 629 4001 illam
640 3952 674 4002 ad
714 3949 828 4012 victima,
838 3949 884 3999 aed
894 3956 920 3998 et
937 3955 967 3997 ut
976 3945 1060 3997 boetia
1069 3956 1131 3992 vere
1143 3947 1171 3991 et
1182 3954 1241 4005 pro-

142 4033 225 4098 patrir
237 4031 362 4081 tumulum
379 4028 515 4094 mactavit,
531 4036 560 4080 nt
578 4028 620 4077 hic
630 4026 674 4078 de·
714 4026 770 4090 prie
788 4031 902 4077 mactata
918 4023 967 4093 snit
983 4021 1126 4083 Polyxene,
1138 4018 1197 4083 qnia
1212 4025 1241 4070 et

136 4104 361 4162 clarutCatnlluu.
713 4101 838 4152 heruucb
854 4100 938 4163 laerte,
954 4104 983 4148 et
992 4093 1241 4151 victuuvictoribur

174 4185 224 4236 ibt
242 4181 364 4235 Perculsa
386 4181 491 4245 uirginis
514 4181 593 4248 amur]
623 4180 672 4231 Po·
710 4175 911 4231 initiumolctu·
