2774 4702
136 297 203 383 362
481 306 589 357 noun
616 304 815 356 vnnlouun
841 303 881 354 tn

139 457 195 506 diua
211 457 286 503 mater
303 450 381 512 alites,
400 449 525 501 audacter
540 449 670 501 feceruut.
707 463 851 500 res-amens
863 442 1054 511 Catulliquatn
1072 441 1117 495 alii
1133 443 1186 496 suis
1198 443 1242 496 in*

136 532 231 583 Quare
242 541 330 576 eorum
346 525 478 576 licentiam
493 525 556 575 nihil
573 539 670 575 moror.
708 525 776 589 eptis
787 521 1010 574 emendationibus
1030 525 1112 571 totam
1131 533 1241 586 perrer-

141 604 194 656 Sea
205 616 257 653 uun
267 601 364 650 minore
374 600 536 664 impudentia
545 602 672 650 oscitantes
710 605 805 649 terant.
823 600 897 648 Item.

141 678 168 728 in
179 678 307 728 aeciamtes
322 681 463 726 mutarunt.
497 676 550 725 Alii
567 676 671 725 aennen-
741 671 887 736 master]
911 671 1032 722 Oscientas
1049 673 1118 735 lego,
1136 677 1165 722 et
1183 671 1240 722 tere

140 760 177 805 tes
187 755 214 804 iu
224 753 368 802 metuentes:
385 751 446 816 quia
464 752 633 801 meminerant
644 752 671 800 in
708 751 824 801 ‘oscines
835 748 952 800 sinistras
963 746 1140 797 etominosos’
1151 748 1244 810 legere

142 828 258 892 augurali
280 826 416 890 disciplina
436 839 492 875 esse
511 841 583 889 ares,
602 841 672 890 qnae,
709 833 758 874 est.
785 824 879 874 Horat.
895 822 1035 873 ‘oscinem
1046 835 1244 884 coruumpreoe

142 903 210 968 quod
226 916 271 952 ore
288 900 430 964 auspicium
448 898 577 963 facerent,
596 900 628 949 ab
640 914 672 949 eo
710 899 855 950 suscitabo!
888 898 1016 961 Intelligit
1036 904 1125 947 autem
1148 896 1243 947 fulicas

142 977 244 1026 oscines
262 975 340 1024 dictae
360 981 457 1023 essent.
489 973 543 1023 Sed
557 988 609 1023 non
630 974 674 1024 ad·
710 982 738 1026 et
746 977 976 1040 similesaresquae
987 980 1169 1039 tempestatem
1178 990 1245 1040 prae·

45 1062 52 1072 ·
143 1057 278 1102 verterunt
295 1049 365 1099 idem
383 1063 440 1100 esse
451 1050 579 1113 occinere,
590 1057 617 1099 et
628 1049 674 1100 ob·
711 1052 808 1102 dicant.
824 1052 905 1101 Licin.

143 1128 259 1178 scinne:
276 1131 306 1175 ut
322 1124 460 1175 ostendere
471 1131 499 1174 et
509 1124 675 1175 obstenderc.
743 1131 760 1175 t
772 1127 979 1189 catagraphosque
989 1127 1084 1190 thynos]
1094 1125 1179 1178 Aiunt
1186 1141 1245 1176 esse

145 1201 216 1252 Nam
232 1201 342 1250 alterum
361 1199 490 1262 usitatius,
508 1200 618 1249 alterum
637 1199 676 1263 ip
713 1204 868 1268 scriptorum
879 1202 1003 1253 librorum
1015 1203 1164 1254 lectionem.
1191 1203 1245 1254 Sed

144 1277 297 1341 xatrbrepan.
325 1275 676 1341 Egoquiddehaclectione
713 1292 759 1327 nos
779 1278 807 1326 in
829 1283 917 1327 nostro
938 1277 1096 1341 reperimus:
1124 1279 1247 1342 Cprogra·

146 1360 260 1403 statuam
271 1350 435 1401 nihilhabeo.
462 1351 588 1415 Equidem
600 1349 677 1400 facile
710 1355 813 1418 phosqsre
827 1351 920 1416 thyrsos.
952 1353 1017 1404 Quae
1036 1352 1117 1402 lectio
1136 1353 1248 1403 multam

145 1427 290 1494 persuadeo
312 1425 427 1476 mihies
445 1425 529 1475 reteri
549 1426 678 1489 scripturn
714 1417 997 1490 avulgatadiscrepat.
1029 1427 1151 1476 Fortasse
1163 1427 1250 1476 Chiro-

145 1503 238 1554 vitium
260 1508 350 1552 uatum
369 1514 436 1562 esse,
452 1501 531 1565 idque
553 1500 633 1550 fnisse
651 1501 678 1550 in
713 1506 816 1569 graphas
824 1504 893 1568 quod
904 1505 1049 1567 proximum
1060 1503 1249 1554 reuertamur.

146 1574 444 1645 exemplariGallicano.
478 1578 546 1628 Nam
557 1579 680 1628 Divavo·
716 1579 842 1643 Egoscio
859 1577 971 1642 quidde
991 1577 1250 1642 Catagraphisdioa·

147 1660 217 1706 teres
238 1655 324 1704 Deiva
346 1654 503 1704 scribebant.
535 1654 631 1719 Itaque
651 1654 681 1702 li·
717 1661 777 1703 tnr:
794 1667 878 1718 neque
890 1653 961 1702 aliud
977 1652 1079 1703 scilicet
1090 1653 1123 1702 ab
1134 1653 1188 1702 illis
1206 1653 1251 1703 ad·

147 1731 250 1782 brarlns
268 1730 397 1781 Gallicani
417 1729 583 1793 exemplaris,
602 1744 680 1793 quum
717 1729 811 1790 fertur,
821 1729 891 1794 quod
905 1745 922 1779 a
937 1728 1012 1778 uobis
1022 1728 1083 1778 olim
1097 1729 1252 1779 adolescen-

147 1807 256 1871 legeret‚
277 1808 356 1863 Quum
367 1807 396 1854 de
411 1805 451 1854 oia
466 1805 560 1867 molter,
578 1804 682 1867 putarit
718 1805 790 1861 tibus
801 1803 1007 1853 animadversum
1016 1801 1169 1853 nonfuerit.
1185 1804 1252 1853 Pro·

145 1883 266 1945 ὀρχαΐκῶς
276 1880 450 1941 scribendum,
463 1882 541 1935 Quaem
551 1880 627 1927 deira.
644 1878 683 1927 At
715 1882 775 1946 prie
786 1881 952 1943 catagrapha
963 1886 1023 1929 sunt
1039 1880 1251 1943 opisthographos,

147 1958 235 2007 melier
254 1959 283 2005 aa
301 1956 351 2016 oia,
364 1961 404 2003 est
423 1954 569 2015 ἡτνχοῦσα,
585 1953 682 2016 queris
720 1962 749 2006 ut
759 1969 792 2004 ex
803 1954 955 2018 Hipparcho
967 1953 1152 2017 cognoscimus.
1173 1953 1240 2004 Stat.

149 2044 220 2093 saga.
238 2025 681 2090 SicTibullus‘puerumatriviis’
753 2031 959 2092 Catograpbosque
979 2028 1083 2093 tuma]
1110 2028 1184 2078 Libri
1202 2044 1255 2078 om·

152 2104 219 2154 dixit
238 2103 282 2152 abs
302 2101 415 2164 τυχόντα.
457 2101 589 2164 Ejusmodi
614 2102 682 2150 enim
720 2103 931 2166 nes,ridietiam
942 2103 1164 2166 aliquot‚legont‚
1177 2103 1254 2166 Cyro·

150 2178 280 2242 mulieres,
291 2185 336 2227 aut
348 2190 440 2240 pueros
455 2175 489 2223 de
507 2175 628 2237 sortibus,
639 2182 684 2224 aut
718 2179 832 2241 graphas,
851 2178 900 2227 hoc
921 2183 971 2240 est,
996 2177 1187 2240 Cbirographos:
1215 2178 1253 2229 sic

151 2252 285 2317 praesagiis
296 2250 475 2311 consulebant,
487 2263 544 2312 qna
556 2248 605 2298 sibi
613 2257 683 2299 notae
721 2255 729 2282 ‘
740 2252 871 2315 cyrogra'
879 2253 905 2302 in
913 2252 1045 2302 veteribus
1053 2252 1125 2302 libris
1131 2265 1183 2302 uon
1193 2268 1255 2304 raro

152 2343 204 2378 uon
214 2333 309 2378 essent.
327 2326 437 2376 Mariuae
446 2325 610 2388 tempestatis
619 2340 685 2388 prse-
721 2329 847 2391 scriptum
858 2327 978 2377 occurrit.
1003 2327 1044 2376 Sic
1054 2327 1062 2355 ‘
1073 2327 1172 2391 Cyras’
1184 2329 1254 2393 apud

153 2404 271 2456 sensioue
287 2401 378 2466 fugere
396 2417 457 2451 ares
473 2401 585 2449 marinas
597 2399 623 2449 id
640 2415 685 2449 no·
721 2401 1121 2452 Isidoramvetustissimeeetiam
1129 2403 1256 2453 membra·

154 2487 210 2530 tum
223 2492 256 2527 ex
266 2476 436 2539 prognosticis
448 2474 522 2524 Arati
535 2482 563 2523 et
573 2474 685 2538 Virgilii.
723 2493 763 2527 nae
782 2476 941 2541 praeferunt:
959 2477 1067 2526 ‘manus
1083 2493 1147 2542 qnos
1166 2479 1256 2528 Graeci

154 2557 238 2607 Recte
256 2559 343 2601 antem
364 2552 487 2600 oscitanae.
521 2549 587 2598 Nam
606 2549 688 2612 agita·
723 2567 800 2616 cyrae
809 2553 919 2603 vocant!
937 2553 1095 2617 ehirographi
1103 2553 1185 2616 igitur
1197 2555 1257 2618 Thy.

154 2631 225 2681 tione
243 2626 337 2677 fluctus
354 2625 382 2675 id
402 2626 458 2674 vult
477 2625 527 2674 illis
546 2622 687 2674 accidisse:
723 2629 824 2692 ni,sunt
832 2628 918 2676 annuli
929 2628 1016 2692 Thyni
1026 2628 1161 2690 signatorii
1170 2631 1257 2693 sculp-

155 2706 225 2756 unde
244 2703 343 2752 marina
365 2702 418 2750 avis
440 2701 512 2749 larus
535 2715 638 2764 semper
660 2699 688 2749 id
725 2710 791 2752 turae
800 2703 955 2766 Bithynice.
974 2702 1061 2767 Thyni
1072 2704 1160 2752 annuli
1171 2711 1200 2753 et
1212 2719 1256 2767 po·

154 2782 240 2832 facere
250 2779 353 2828 dicitur.
378 2776 549 2825 Proverbium
561 2777 629 2825 enim
641 2782 689 2838 est,
724 2779 804 2828 litura
814 2779 954 2843 Bithynice
964 2779 1080 2829 celebres
1091 2786 1120 2829 et
1131 2780 1257 2829 nominati

155 2854 227 2916 λάρος
243 2851 338 2914 χάσκει.
369 2850 422 2899 Sed
442 2864 493 2899 non
516 2849 605 2899 dubito
625 2849 688 2914 quin
725 2861 800 2916 sant;
816 2854 1079 2918 dequibusleguutur
1088 2870 1176 2905 versus
1186 2854 1256 2919 apud

155 2944 211 2980 sees
235 2927 361 2976 oscitantes
388 2925 586 2984 ὒντονομαστυςῶς
607 2926 688 2988 gaviae
725 2930 864 2992 Isidorum,
890 2946 953 2996 quos
978 2931 1017 2980 ita
1043 2931 1255 2981 emendavimus:

157 3002 263 3056 tertiari
279 3000 331 3064 ipsi
351 3000 478 3064 dicantur,
495 3001 538 3066 qui
548 3015 651 3065 semper
661 3000 689 3050 in
724 3007 875 3057 ‘Lucentes
892 3020 951 3056 mea
966 3007 1022 3056 vila
1039 3020 1090 3056 nec
1106 3005 1257 3069 smaragdos

156 3079 241 3130 fluctu
256 3077 364 3140 degunt,
374 3074 496 3123 marinam
506 3089 621 3137 spumans
632 3089 689 3138 pas·
725 3082 836 3131 Berillor
853 3081 924 3145 mihi,
940 3083 1045 3144 Ioaaae,
1060 3096 1110 3132 nec
1127 3084 1257 3133 nitentes:

157 3160 264 3206 centes:
283 3152 328 3201 seul
346 3155 502 3214 tempestate
513 3150 540 3198 in
551 3149 624 3199 littus
643 3149 689 3212 eji-
726 3157 785 3206 Nec
808 3156 968 3220 percandida
991 3157 1136 3222 margarita
1160 3173 1258 3224 quero,

158 3231 270 3281 ciuntur.
303 3228 397 3292 Itaque
414 3225 506 3274 mulier
524 3240 594 3288 saga,
613 3239 690 3289 quam
725 3233 785 3282 Nec
795 3246 859 3297 quos
874 3231 976 3295 Thynia
992 3232 1053 3281 lima
1070 3235 1216 3298 perpolivit
1224 3234 1258 3284 Α.

157 3303 431 3357 hictocatmuliel'em
448 3300 481 3349 de
496 3299 690 3364 via,ui'l'l'llgi·
725 3307 1141 3372 nellos311eciupioslapillos)
1175 3311 1260 3360 Chii-0.

158 3399 205 3436 cars
216 3383 292 3446 dixit,
308 3381 342 3430 de
361 3379 438 3429 Circo
456 3380 594 3444 arrrspices‚
613 3393 646 3428 ex
658 3393 689 3429 eo
723 3383 827 3448 grapbos
836 3382 953 3446 legebam
965 3383 1027 3433 olim
1038 3383 1065 3433 iu
1076 3384 1196 3435 versibus
1211 3386 1258 3435 Ca·

111 3472 114 3477 ’
158 3460 267 3526 conjicit
279 3465 462 3522 tempestatem
473 3473 540 3524 esse,
556 3465 602 3509 aut
620 3459 690 3509 alind
726 3459 802 3518 tulli3
818 3471 885 3507 noue
899 3457 986 3520 placet
997 3458 1081 3521 magis
1093 3459 1261 3524 Cirograplros·

159 3534 248 3584 nescio
269 3533 339 3597 quid.
371 3533 439 3583 Sane
460 3547 550 3602 uerum
571 3539 623 3597 est,
640 3534 690 3583 uisi
726 3549 769 3598 que
782 3533 1260 3601 Thynos,hoeest‚cerograplsos,etce·

159 3607 245 3671 fallor,
266 3607 336 3671 quod
358 3606 466 3656 diximus
489 3609 691 3658 antonomasiam
726 3622 780 3657 ram
791 3607 969 3670 imprimentes
983 3609 1205 3675 annulos'accipi:
1222 3629 1262 3670 κη·

160 3698 227 3745 esse,
247 3696 302 3730 aces
321 3682 453 3741 oscitantes,
473 3683 521 3732 hoc
544 3691 594 3746 est,
612 3686 690 3736 leros.
726 3681 860 3748 ρόγραπτον
871 3687 913 3730 est
930 3682 962 3731 de
981 3697 1043 3733 cera
1058 3683 1178 3748 pictum:
1194 3704 1261 3750 anpa-

160 3755 231 3809 Nam
242 3770 322 3823 quum
338 3755 365 3804 id
382 3771 462 3818 genus
474 3771 577 3820 semper
591 3757 618 3807 in
629 3757 691 3808 flnc·
726 3755 915 3822 potententem
934 3758 1004 3823 quod
1023 3772 1110 3810 ceram
1130 3762 1217 3826 pingit
1234 3770 1262 3812 et

161 3835 231 3885 tibus
249 3837 377 3893 versetur,
389 3837 418 3880 ut
437 3845 552 3894 spumam
568 3833 691 3897 depasca-
728 3832 863 3896 signatrel
880 3833 1021 3884 charaxat:
1039 3835 1109 3898 quod
1128 3839 1263 3890 anolomus

162 3915 215 3970 tur,
226 3913 383 3970 tempestate
394 3906 470 3970 ejecti
480 3906 508 3954 in
518 3907 614 3957 siccum
626 3924 692 3972 pene
727 3907 928 3972 sigillaritiorum
938 3913 979 3959 est
989 3908 1133 3973 proprium.
1150 3912 1253 3965 Salmas.

162 3978 693 4044 fametabescunt,uodefocileestcolli·
763 3987 794 4033 10
818 3983 950 4046 Manesque
974 3985 1120 4048 mathatias]
1147 3989 1209 4039 Scio
1236 3995 1263 4040 et

147 4072 226 4126 sgere
242 4057 293 4109 illis
310 4057 336 4107 in
353 4057 421 4107 sicco
434 4055 492 4107 risis
510 4062 693 4120 tempestatem
730 4053 820 4108 lerulae
835 4064 863 4107 et
874 4059 981 4113 scotice
992 4074 1094 4112 menum
1105 4063 1189 4113 solere
1202 4080 1263 4129 pus·

103 4153 105 4159 ¹
165 4126 358 4186 lanariam.
392 4131 458 4186 riae
476 4137 525 4197 est,
540 4131 591 4184 uisi
607 4129 693 4194 fallor,
730 4147 772 4187 ros
784 4132 814 4214 ln
820 4130 913 4184 scholis
924 4133 1069 4202 porrigere.
1097 4135 1152 4189 Sed
1163 4138 1264 4209 profec-
