2774 4702
493 310 523 356 G.
548 307 704 369 vitentur
730 307 894 356 curuum

521 705 728 772 CARMEN
752 706 864 772 XIX.

521 891 732 941 nonronum
751 878 860 941 neus

185 1043 299 1106 Huuc
315 1061 388 1124 ego,
399 1039 552 1125 juvenes
566 1042 691 1119 locum,
708 1042 926 1124 villulamque
939 1041 1131 1125 palustrem,

183 1146 321 1221 Tectam
335 1145 457 1209 vimine
467 1144 604 1228 junceo,
620 1145 804 1227 caricisque
818 1145 985 1226 maniplis

184 1246 337 1325 Quercus
352 1246 457 1323 arida,
472 1247 599 1311 rustica
615 1245 820 1311 conformata
834 1246 954 1324 secuti,

183 1349 329 1427 Nutrivi,
345 1350 452 1431 magis
467 1355 501 1413 et
515 1349 624 1431 magis
640 1355 678 1412 ut
693 1350 793 1412 beatu
807 1346 997 1430 quotannis.

184 1451 298 1536 Hujus
313 1472 389 1516 nam
405 1451 543 1514 Domini
559 1451 751 1526 calumme,
768 1450 945 1531 Deumque
961 1449 1126 1529 salutant,
1219 1449 1244 1512 5

183 1553 350 1637 Pauperis
364 1554 477 1636 tuguri
492 1554 592 1618 Pater
607 1552 788 1636 filiusque*

182 1653 289 1733 Alter,
304 1655 443 1720 assidua
457 1656 571 1721 colens
587 1655 769 1737 diligentia,
782 1660 819 1720 ut
831 1656 933 1720 herba

182 1758 335 1821 Dumosa
349 1777 533 1841 asperaque
549 1777 570 1820 a
583 1776 659 1821 meo
673 1757 719 1821 sit
733 1748 860 1821 remota
878 1757 1023 1822 sacello:

181 1857 288 1935 Alter,
303 1878 407 1943 parva
420 1858 528 1922 ferens
543 1876 642 1922 manu
658 1878 789 1942 semper
802 1877 940 1923 munera
953 1859 1056 1940 larga.

173 2037 197 2088 Ο
208 2037 285 2101 pueri,
296 2052 339 2099 ego
349 2037 472 2101 Priapus,
490 2053 547 2088 cum
560 2037 608 2087 sim
621 2039 727 2095 Quercus
736 2041 806 2098 dcco,
818 2038 939 2099 fabricata
959 2039 1024 2088 ascio
1041 2038 1170 2098 muudus,
1180 2036 1244 2087 lonuc

135 2116 232 2165 ogram,
249 2107 274 2151 et
290 2103 349 2150 hooc
359 2103 440 2151 sillam
457 2105 592 2164 paludosam
601 2104 732 2166 coopertam
743 2104 856 2165 uirgultis
867 2103 970 2165 junceis,
980 2108 1004 2153 ot
1014 2102 1099 2152 casido
1109 2101 1246 2163 fasciculis,

139 2166 244 2227 sicfaoi,
252 2171 279 2214 ut
286 2166 388 2225 siugulis
396 2167 465 2216 auom
472 2168 551 2227 magis
561 2182 588 2216 uc
597 2167 673 2227 magis
678 2167 772 2227 fertilis
780 2169 823 2216 sit.
856 2168 932 2217 luins
942 2168 1006 2218 euim
1016 2168 1086 2216 rillae
1096 2167 1157 2227 leri,
1164 2165 1245 2216 tenuis

139 2231 241 2281 scilicet
251 2245 312 2279 casoe
321 2230 491 2291 habitatores,
500 2231 674 2294 paterfamilias
683 2237 707 2281 et
718 2232 774 2295 ejus
778 2232 849 2298 fitius
858 2247 894 2282 me
905 2237 1057 2293 uenerantur,
1068 2235 1092 2280 et
1105 2231 1190 2280 ludat
1199 2243 1243 2278 me

139 2295 219 2344 Deum
230 2310 302 2342 suum
312 2311 320 2354 3
337 2296 426 2343 horum
438 2297 498 2345 oder
508 2298 618 2345 contiuuo
632 2298 757 2345 sedulitate
774 2296 879 2357 foriens,
888 2302 915 2346 ut
926 2296 997 2346 tato
1006 2297 1099 2358 spinosa
1110 2299 1134 2344 ot
1142 2293 1244 2352 horrido

138 2358 168 2409 od
178 2360 287 2407 sedamen
297 2359 369 2421 adut,
377 2361 437 2408 alter
447 2374 507 2409 vero
517 2366 629 2423 perpetuo
639 2361 699 2409 milti
708 2360 811 2425 offerens
820 2363 881 2411 dosa
892 2375 963 2410 muna
970 2359 1076 2410 liberali:
1099 2360 1177 2422 primo
1187 2359 1245 2423 qui·

606 2470 785 2490 mm

170 2551 186 2596 3
202 2547 309 2597 Salmas.
328 2547 362 2595 ad
377 2546 461 2595 Satin.
481 2562 506 2610 p.
528 2550 583 2596 181.
601 2546 658 2595 rnlt
672 2546 827 2608 consonante,
836 2551 999 2611 repugnante
1009 2545 1112 2608 vossio,
1122 2544 1166 2622 qui
1177 2544 1244 2608 legit

132 2607 248 2671 fomitato
258 2625 292 2660 ex
304 2611 385 2674 antiq.
399 2610 590 2670 formidate-d
609 2611 679 2659 Nunc
697 2617 751 2659 tuor
768 2612 846 2674 magis
862 2611 931 2660 Scal.
965 2611 1054 2661 Nutn'o
1070 2624 1148 2672 magu
1159 2610 1243 2658 tacite

137 2675 239 2738 recepit
248 2675 329 2738 Vulp.
361 2680 386 2724 et
396 2675 465 2724 beata
478 2675 565 2724 Haud.
578 2674 595 2724 i.
608 2689 631 2724 e.
650 2676 695 2723 ‘et
705 2675 807 2738 quidem
819 2690 869 2738 ego
880 2676 967 2736 beata,
978 2674 1128 2724 maneribus
1137 2673 1244 2736 oblatis,

138 2739 292 2803 quotannis3
309 2739 501 2798 num,’1&c.—6
517 2740 559 2788 Sic
576 2739 602 2787 iu
624 2739 755 2802 plerisque
770 2739 829 2788 edd.
845 2737 984 2788 deficiente
1001 2738 1091 2788 ultima
1110 2751 1185 2795 voce,
1200 2737 1244 2786 lric

137 2818 226 2852 versus
243 2803 390 2850 exhibetur.
423 2803 491 2852 Saul.
521 2804 650 2858 tentabat,
669 2803 784 2866 filiusque
802 2803 891 2862 catiui5
906 2805 981 2852 Voss.
992 2803 1104 2867 filiusque
1125 2802 1243 2858 taedae,-

138 2866 336 2941 Dotenfiliusque
348 2871 483 2928 patronum,
499 2873 529 2914 ut
544 2864 674 2914 referatur
690 2866 723 2915 ad
742 2868 796 2915 Pau
811 2868 858 2916 eris
872 2867 963 2929 tuguri.
996 2867 1138 2930 Proposuit
1150 2865 1243 2930 Hand,

138 2930 385 2995 ipsofilsolusque.—9
402 2928 561 2978 D'Orrillius
573 2929 676 2979 emend.
697 2945 768 2980 mauu
798 2946 865 2982 erem
878 2946 958 2996 usque,
970 2931 1196 2995 probunteBnrru.
1208 2943 1242 2980 11.

635 3073 743 3127 NOTAE

150 3225 155 3259 :
172 3188 279 3245 irim
289 3194 344 3257 ege]
361 3192 438 3257 Agris
449 3207 499 3242 non
519 3191 596 3240 modo
613 3204 669 3240 cre·
718 3192 969 3254 ulimmerius]
986 3187 1244 3254 Priapus,seuPriu·

138 3260 252 3334 tlebatur
268 3270 379 3333 Priapus
398 3267 492 3318 afferre
514 3266 668 3316 iucunditu·
709 3267 736 3330 pi
743 3274 877 3330 statas,ex
887 3269 983 3318 arboris
991 3273 1082 3316 trunca
1091 3263 1244 3328 lichetfel-

136 3353 202 3410 tem,
211 3347 238 3396 in
253 3347 348 3411 quibus
363 3351 533 3406 statueretur,
554 3351 582 3394 et
600 3343 668 3393 cole·
709 3357 766 3392 cem
777 3350 969 3406 manutenens,
984 3358 1035 3408 qus
1046 3348 1075 3392 et
1081 3340 1155 3391 iures
1166 3355 1243 3390 orce-

138 3427 219 3483 retur,
231 3436 320 3471 rerum
330 3419 439 3470 etfures
455 3433 544 3469 arcere
562 3417 669 3483 putaba·
710 3434 739 3469 re
750 3426 779 3470 et
787 3435 848 3470 aves
857 3420 1133 3484 abigerecrederetum
1161 3416 1242 3465 Hunc

139 3501 198 3545 tur:
214 3496 262 3544 lroc
283 3496 372 3559 itaque
389 3510 416 3544 se
428 3502 554 3559 prestare
571 3494 668 3544 debere
709 3495 748 3546 ita
759 3495 886 3546 describit
901 3496 995 3545 Horat.
1013 3508 1033 3544 1.
1042 3494 1097 3543 Sat.
1109 3496 1135 3541 8.
1147 3492 1159 3537 .‘
1169 3490 1244 3541 Olim

140 3569 276 3631 praedicat,
295 3569 363 3632 qnod
390 3569 510 3618 nimirum
535 3570 568 3618 ab
591 3568 668 3631 agelli
709 3568 1242 3632 truncuseramficulnuminutilelignum:

133 3645 245 3695 ¹domiuo
257 3645 358 3694 assidue
369 3661 400 3695 ac
411 3647 532 3710 religiose
550 3647 668 3709 colatur;
709 3647 773 3696 Cum
793 3644 878 3708 faber,
893 3648 1008 3696 incertus
1024 3657 1157 3697 scamnum
1171 3641 1244 3693 face·

138 3729 227 3772 monet
238 3722 492 3785 insuperpueros,ne
504 3720 564 3785 quid
577 3724 669 3771 existo
709 3730 784 3772 retae
804 3723 939 3786 Priapum,
955 3723 1053 3772 Maluit
1068 3734 1126 3771 essu
1143 3721 1245 3770 Deum.

139 3797 260 3848 furentur
272 3811 344 3860 agro,
355 3796 431 3860 cujus
447 3811 540 3860 nempe
551 3797 669 3846 dominus
710 3800 784 3849 Deus
792 3799 852 3847 inde
860 3812 908 3860 ego
917 3796 1002 3847 furum
1014 3797 1153 3861 aviumque
1163 3795 1243 3845 Max-

139 3888 240 3939 puuper
259 3879 309 3935 est,
327 3873 426 3936 etipse
443 3871 553 3936 diligens
573 3879 669 3936 custos,
708 3875 761 3924 ima
772 3874 884 3924 formido
894 3891 901 3934 ;
913 3889 972 3923 nam
983 3871 1057 3924 fures
1066 3874 1162 3923 dextra
1169 3872 1244 3922 coiis·

140 3964 281 4013 agrumque
299 3948 412 3998 vicinum
432 3947 541 4010 indicat,
563 3963 596 3997 ex
618 3964 669 4013 quo
709 3951 828 4011 cet,'&c.

140 4026 297 4075 commodius
307 4026 384 4088 longe
396 4024 492 4089 aliquid
505 4039 597 4087 rapere
608 4039 669 4089 que·
740 4031 756 4076 4
774 4027 867 4089 Magis,
886 4033 910 4075 et
927 4025 1016 4088 magio]
1033 4018 1077 4074 Ita
1091 4029 1122 4074 ut
1140 4023 1244 4074 assidue
1277 4016 1280 4021 ⁴

142 4108 196 4163 aut,
208 4116 265 4150 cum
282 4102 357 4166 hujus
369 4101 486 4152 dominus
502 4102 537 4152 sit
549 4102 631 4166 dives,
641 4106 669 4152 et
708 4103 836 4165 posterior
844 4117 926 4152 annus
934 4101 1094 4165 superiorem
1103 4098 1246 4150 fertilitate

141 4176 311 4240 negligentior
321 4178 439 4241 Priapus.
709 4178 806 4227 vincat.
