2774 4702
137 255 204 322 266
488 274 518 319 c.
542 273 698 321 vacetur
723 272 888 323 curuum

180 413 347 496 Tempore
362 431 430 497 quo
441 413 584 497 primum
597 414 699 479 vestis
713 415 793 480 mihi
808 415 934 482 tradita
946 434 1032 502 pura
1044 423 1114 496 est„
1193 420 1238 486 15

222 514 412 579 iucundum
426 535 501 580 cum
517 521 601 581 aetas
615 515 734 583 florida
747 537 804 582 ver
817 525 939 600 ageret,
1118 525 1121 530 '

182 614 290 681 Multa
304 616 390 680 sutis
401 617 486 681 lusi:
508 621 641 682 nonest
655 617 730 681 Dec
743 619 858 683 nescia
871 622 988 699 nostri,

226 718 313 796 Quae
328 717 462 781 dulcem
476 719 565 782 curis
578 719 696 782 miscet
711 719 905 783 amaritiem.

181 817 247 882 Sed
263 824 370 889 totum
381 817 445 882 hoc
461 817 610 882 studium
624 817 719 882 luctu
731 816 874 883 fraterna
888 819 969 886 milri
983 839 1072 886 mors

222 916 378 983 Abstulit.
423 918 453 982 Ο
469 919 587 983 misero
600 919 702 983 frater
715 919 847 985 ademto
862 921 953 1000 mihi,
1193 925 1237 990 20

180 1019 235 1083 Tu
249 1039 335 1097 mea,
350 1032 386 1082 tu
399 1020 544 1084 moriens
556 1019 683 1101 fregisti
698 1022 884 1100 commoda,
896 1023 1019 1089 frater:

222 1119 348 1185 Tecum
362 1140 430 1185 unu
445 1126 514 1186 totu
527 1127 579 1184 est
591 1125 712 1185 nosne
726 1124 858 1203 sepulta
872 1124 1008 1190 domus:

182 1219 303 1285 Omnia
316 1229 427 1286 tecum
441 1241 506 1286 unc
519 1222 683 1304 perierunt
696 1223 819 1304 gaudia
833 1231 956 1303 nostra,

227 1322 314 1400 Quae
331 1328 406 1388 tuus
420 1325 456 1386 in
471 1325 541 1388 vitu
554 1323 663 1387 dulcis
678 1325 789 1390 alebat
802 1338 904 1391 umor.

183 1421 316 1506 Quojus
329 1443 389 1507 ego
404 1425 540 1489 interitu
556 1429 627 1490 tota
642 1425 685 1489 de
700 1431 808 1489 mente
822 1426 936 1510 fugavi

226 1525 314 1590 Hoec
329 1526 452 1605 studia,
469 1531 568 1609 atque
582 1545 698 1591 omnes
712 1527 853 1592 delicias
869 1529 982 1593 animi.

182 1626 309 1704 Quare,
323 1627 413 1708 quod
429 1627 570 1691 scribis:
599 1625 723 1691 Verona
739 1638 828 1711 torpe
846 1626 971 1692 Catullo

225 1725 310 1805 Esse,
324 1728 407 1811 qood
419 1727 469 1791 ln‘c
484 1727 619 1812 quisquis
634 1728 671 1792 de
684 1727 808 1792 nreliorc
823 1739 898 1792 noto

139 1927 236 1977 minum
245 1940 351 1975 moero.
384 1926 452 1976 Satis
467 1929 536 1989 ploro
552 1927 626 1976 cecini
638 1926 683 1976 illa
698 1932 780 1987 atne,
789 1943 835 1990 qno
844 1926 904 1976 nrilri
913 1927 991 1990 priseo
1008 1931 1065 1987 logo
1076 1926 1163 1976 mdo
1181 1926 1239 1976 dats

138 1997 182 2052 est,
198 1991 563 2040 testamenmentum
571 1991 670 2051 rigeret.
703 1991 760 2039 Non
770 2006 850 2040 snmus
861 1992 938 2053 &aeti
948 1991 1020 2040 Dira
1030 1990 1079 2052 illi,
1086 2004 1242 2052 matroon

138 2052 325 2104 solicitudinibus
335 2059 451 2117 temperat
461 2055 650 2104 amaritudinem.
683 2053 732 2102 Sed
742 2069 804 2103 mors
808 2055 901 2115 fratris
911 2054 969 2103 rnilri
978 2069 1045 2104 orare
1055 2054 1162 2103 studioso
1171 2052 1239 2103 istud

138 2120 215 2167 dolore
230 2118 333 2166 adernit:
348 2131 364 2166 o
375 2117 505 2167 carissime
511 2117 602 2179 froin,
612 2117 671 2167 nsiii
685 2117 776 2176 infelici
785 2124 872 2182 erepte.
905 2118 929 2169 Ο
939 2133 1060 2180 gemaene,
1069 2123 1097 2166 ts
1106 2116 1240 2166 dsesdms

138 2182 189 2230 nito
200 2180 307 2230 evertisti
317 2181 395 2229 omnin
406 2182 466 2230 tono
475 2195 547 2241 mea3
564 2187 641 2231 tecuae
657 2181 726 2230 sirnul
740 2187 821 2231 nostro
830 2184 912 2231 dmnns
927 2187 978 2231 teto
991 2187 1025 2230 est
1036 2182 1129 2243 sepulto
1136 2197 1147 2239 ‚-
1162 2185 1240 2230 team

136 2245 229 2307 puriter
239 2247 314 2293 omnis
322 2245 410 2294 letitie
419 2251 500 2294 nostro
510 2246 614 2307 interiit,
625 2260 696 2308 quam
703 2246 784 2294 mois
793 2246 900 2296 amicitia
910 2251 953 2294 too
968 2246 994 2294 is
1001 2246 1052 2294 sito
1057 2244 1167 2304 sooetot.
1202 2243 1239 2292 Oi

137 2308 205 2370 ‘'⁴⁵¹‘'
220 2313 319 2384 ”im
328 2324 372 2420 ‘ii
383 2310 446 2422 ⁰:¹2³
455 2309 977 2424 ‘emutttttttttttt
986 2307 1241 2432 inim

137 2374 349 2500 &micro
359 2387 438 2500 pago&
447 2388 569 2488 Ξιάήὶὶονίε
584 2437 658 2488 nicer
670 2437 814 2493 conditionis
832 2437 900 2486 solus
915 2437 1022 2500 ahman
1037 2449 1120 2500 corpus
1129 2433 1239 2494 edeta&
1254 2470 1260 2477 -

597 2564 775 2585 W

137 2643 198 2694 diol.
215 2650 243 2694 et
260 2645 402 2695 Boni-eo
417 2646 528 2696 Abscidit
544 2661 576 2696 ex
594 2652 648 2695 vet.
665 2644 796 2706 scriptura
811 2642 880 2693 Sosl.
897 2642 967 2706 quod
983 2647 1141 2704 receperunt
1154 2642 1240 2692 θην.

137 2708 234 2771 Delph.
256 2710 298 2758 ed.
317 2724 394 2759 anon.
415 2710 474 2773 Bip.
493 2711 551 2759 alil:
574 2708 621 2758 sed
631 2715 745 2758 nostram
758 2712 888 2757 testantur
899 2706 990 2770 viginti
1001 2711 1061 2754 octo
1072 2704 1147 2754 Sunt.
1161 2705 1239 2756 codd.

137 2785 195 2820 cum
206 2772 266 2822 edd.
279 2779 343 2823 vett.
353 2774 460 2822 Venett.
472 2773 545 2821 Bria.
555 2773 659 2822 Vicent.
671 2772 753 2835 Rheg.
772 2769 832 2820 Ald.
850 2770 925 2821 Jnnt.
946 2769 1028 2819 Colin.
1045 2768 1148 2831 Gryplr.
1167 2764 1240 2819 idne.

136 2833 205 2882 Stat.
216 2841 245 2884 et
256 2835 387 2884 aliie-23
405 2836 456 2884 Hic
466 2849 555 2884 versus
565 2835 602 2884 sic
613 2840 688 2885 extat
698 2836 725 2884 in
737 2834 839 2884 [ouon
851 2834 908 2882 Ecl.
919 2848 939 2883 1.
948 2838 989 2883 11.
1007 2832 1095 2881 Ornnio
1105 2836 1184 2881 nourr
1192 2846 1240 2881 sss

131 2897 249 2958 fugerunt
264 2898 355 2958 gondio
371 2902 526 2948 soora-at
542 2897 575 2946 In
591 2913 644 2948 uno
661 2898 737 2949 Voss.
761 2913 812 2961 pua
835 2897 993 2948 sertim-28
1010 2896 1043 2946 ln
1061 2894 1135 2945 laid.
1152 2910 1180 2946 n.
1200 2898 1240 2950 1⁸.

633 3039 744 3090 NOTAE

171 3158 200 3202 1⁶
222 3152 299 3202 Vestis
313 3152 373 3202 milri
388 3152 479 3201 tradito
491 3166 551 3216 pora
561 3150 608 3214 est]
625 3151 669 3200 In·
741 3156 772 3200 2⁷
786 3151 959 3207 Qnodsnilris:
972 3151 1070 3201 Verona
1078 3156 1148 3214 torpe
1157 3151 1241 3200 Catul-

136 3228 284 3278 duebantur
300 3228 378 3291 ‘toga
395 3227 474 3291 pnra'
486 3226 545 3289 viri,
559 3228 602 3291 qni
620 3241 668 3290 pro
708 3230 741 3292 lo]
757 3229 905 3293 scripserat
916 3229 1029 3277 Manlios
1039 3227 1154 3290 Catullo,
1161 3233 1241 3292 turpe

136 3308 214 3354 aetete
235 3303 267 3351 nd
294 3303 399 3368 negotiu
425 3302 512 3352 civilia
533 3308 561 3352 et
583 3316 667 3352 rerum
707 3301 1241 3369 hocipsiesseveronaeeommornri‚enm

136 3377 296 3440 publicarum
319 3377 555 3427 administrationes
579 3375 667 3427 idonei
708 3381 808 3430 nobiles
819 3393 908 3430 omnes
919 3383 947 3428 et
958 3379 1073 3429 bonate
1085 3377 1241 3428 conditionis

136 3453 359 3503 existimabantur.
707 3456 858 3518 viriparum
869 3455 981 3503 Veronae
999 3453 1051 3504 sint
1066 3453 1094 3502 in
1106 3452 1239 3503 amoribus

171 3531 203 3574 18
220 3526 280 3582 Qooe
296 3529 386 3576 donem
396 3527 615 3590 enrnomoritiem]
632 3529 666 3576 E·
707 3528 806 3592 felices,
825 3536 919 3592 utpote
940 3529 984 3594 qui
1006 3543 1022 3578 a
1042 3527 1240 3579 Veronensibus

135 3602 234 3666 legonti
244 3600 469 3651 circumlocutione
480 3605 566 3652 Deam
580 3603 666 3651 Vene-
706 3604 857 3655 mulieribus
876 3619 928 3654 non
950 3611 1079 3654 amantur.
1121 3602 1176 3654 Sed
1198 3608 1240 3654 rs'·

135 3689 191 3725 rem
203 3674 347 3740 signiticat;
363 3688 430 3738 uam,
441 3683 471 3724 ut
487 3677 571 3741 inquit
588 3677 666 3725 Plau·
705 3680 815 3744 spondet
834 3680 951 3730 Catullus
970 3693 999 3728 se
1015 3680 1128 3729 verone
1150 3677 1241 3729 delici-

136 3758 188 3814 tns,
202 3749 302 3800 ‘Amor
313 3755 354 3800 est
364 3751 440 3799 melle
452 3757 480 3799 et
497 3750 558 3800 telle
570 3751 666 3803 foecun·
705 3768 777 3804 arum
789 3768 864 3804 causa
879 3768 930 3816 nou
948 3753 1111 3815 commorari,
1129 3752 1177 3803 sed
1193 3768 1239 3817 po·
1265 3765 1269 3769 ’

137 3824 277 3876 tissimus!
321 3823 473 3874 Amoritudo
501 3833 588 3874 nutem
619 3841 665 3876 seu
706 3829 758 3879 tius
776 3829 838 3878 illuc
857 3828 891 3879 ob
907 3827 1052 3878 fraternam
1070 3833 1181 3876 mortem
1197 3840 1240 3876 nc·

137 3903 269 3953 amarities
287 3902 313 3951 in
332 3915 418 3950 amore
439 3905 480 3950 est
498 3900 580 3950 dulcis
592 3902 625 3950 ob
640 3916 665 3950 a·
706 3906 822 3968 cessisse,
842 3911 869 3955 et
880 3906 941 3954 ideo
951 3904 1001 3953 sibi
1013 3910 1089 3968 turpe
1100 3916 1153 3954 non
1170 3917 1239 3965 esse,

136 3975 450 4041 mentiumcupiditatem.
707 3980 754 4030 sed
775 3981 860 4044 potins
887 3980 992 4044 dignrrm
1015 3977 1238 4029 commiseratione

170 4057 202 4101 19
218 4053 267 4103 Sed
278 4057 354 4102 totum
365 4049 531 4112 meantium]
548 4050 666 4101 Scriben·
708 4055 808 4105 asserit.

138 4125 166 4174 di
174 4140 266 4190 nempe
277 4143 318 4178 res
328 4128 473 4180 amatorias.
