2774 4702
136 302 203 369 202
488 316 520 362 c.
544 311 702 363 vinoun
726 309 891 363 ceruum

136 460 290 540 Tumque
304 457 411 521 bonus
425 459 577 538 patruus,
592 459 727 538 tumque
740 454 852 519 omniu
866 454 964 536 plenu
978 453 1098 537 puellis

182 558 362 641 Cognatis:
386 577 489 640 quaro
502 557 534 621 is
549 557 682 621 desinat
696 576 773 621 esse
787 557 921 621 maceri

139 662 210 741 Qui
224 668 263 725 ut
276 660 359 724 nihil
372 660 524 743 attingat,
537 660 602 723 nisi
617 661 708 742 quod
722 661 775 724 sus
791 665 925 741 tongere
938 677 1006 722 non
1020 664 1085 738 est,
1219 659 1243 721 5

182 760 405 839 Quantumvis
419 779 522 842 quere
537 760 583 826 sit
596 780 719 840 macer,
734 760 894 826 invenies.

136 946 161 990 st
171 940 278 990 iihsmiis
292 944 402 1003 potrum,
410 940 450 989 cui
459 944 543 989 asoto
553 941 651 1004 desipui
663 942 720 991 odeo
730 945 785 990 rost
800 939 1004 1003 repletnsoesrisis
1015 933 1173 1001 propinquis?
1194 937 1248 992 Qut

137 1004 447 1068 psicrihimsgs'gniriid
456 1005 714 1069 quodipsicoutirrgers
725 1005 849 1063 rosiicstt
863 1004 974 1055 inmoti
983 1005 1170 1065 sotisssrpcrqus
1181 1016 1245 1050 cors·

134 1068 289 1132 pertuterit,
300 1068 381 1118 currit
389 1068 534 1118 macilentus.

598 1196 780 1218 m

155 1290 270 1405 ttinscui.
282 1288 334 1355 legi
346 1288 426 1355 jussit
442 1290 552 1356 attingit,
570 1290 639 1356 quod
651 1298 825 1356 reposuerunt
835 1289 911 1342 Voss·
922 1292 999 1343 Cant.
1013 1289 1062 1341 Ed.
1080 1302 1154 1339 cnon.
1167 1287 1246 1338 Gott.

139 1370 155 1406 e
208 1369 235 1419 p.

536 1876 742 1942 CARMEN
765 1877 847 1943 XC.

572 2062 613 2109 ΙΝ
630 2061 815 2110 ultumum.

140 2212 354 2280 Nsscnruu
371 2211 494 2296 Magus
507 2232 550 2276 ex
564 2210 655 2276 Gelli
668 2170 852 2295 matrisque
867 2211 1011 2276 nefando

185 2314 361 2398 Gonjugio,
376 2322 411 2379 et
426 2313 539 2379 discat
552 2312 729 2377 Persicum
743 2312 960 2395 aruspicium.

142 2414 234 2480 Nam
250 2415 375 2498 Magus
389 2434 435 2479 ex
449 2421 556 2479 matre
569 2420 604 2477 et
616 2420 717 2497 gnato
731 2414 882 2496 gignatur
898 2419 1041 2496 oportet,

186 2516 224 2581 si
241 2536 322 2582 veru
335 2524 388 2581 est
401 2517 576 2581 Persarum
591 2516 697 2598 impio
710 2515 836 2598 rehgio,

174 2689 408 2752 Mugusoriotsrec
426 2686 603 2750 Gelliiejueque
620 2687 705 2736 monis
718 2687 846 2736 incestuoso
855 2688 977 2750 cornutio,
987 2693 1011 2737 rt
1024 2688 1145 2738 Persicum
1154 2688 1250 2752 aruspi-

142 2754 221 2804 cs'ssom
229 2753 326 2803 edum.
359 2754 425 2801 Nom
433 2756 526 2815 oportet
535 2756 563 2800 st
573 2766 680 2813 maguus
691 2751 1020 2816 mctrcetfiiiosossotur,si
1033 2767 1089 2802 uero
1099 2758 1134 2802 cst
1143 2752 1251 2812 selmo

601 2878 784 2898 m

176 2979 191 3024 1
209 2973 268 3022 Hoc
288 2973 373 3023 curm.
392 2973 550 3036 conjunctim
562 2988 622 3023 curn
633 2974 766 3037 superiore
776 2977 872 3040 legitor
883 2979 909 3027 in
919 2976 993 3028 Brix.
1009 2978 1113 3041 Gryph.
1129 2984 1157 3027 et
1174 2977 1251 3039 uliis;

143 3038 189 3088 sed
200 3045 292 3100 sponte
303 3043 423 3100 apparet,
441 3037 582 3100 separatim
596 3038 661 3087 illud
672 3052 689 3086 a
699 3039 784 3090 Poits
794 3042 821 3090 in
832 3042 949 3093 Gellium
965 3043 1136 3106 compositum
1147 3055 1251 3091 esre.-

143 3107 159 3152 8
176 3102 209 3153 In
220 3102 320 3166 Gryph.
330 3101 419 3152 (ἴτων.
432 3100 473 3150 ed.
485 3115 560 3151 onon.
572 3102 630 3152 uliis
641 3107 753 3153 motor
761 3110 862 3169 oportet.

648 3263 756 3316 NOTAE

176 3400 190 3444 1
222 3395 341 3445 Nascatur
363 3394 464 3458 Magus]
492 3394 551 3445 Hoc
573 3409 676 3459 quoque
715 3402 808 3446 muter.
846 3396 919 3460 Magi
946 3396 1088 3446 Persarum
1109 3394 1200 3459 lingua
1223 3395 1252 3445 hi

144 3469 349 3533 Epigrammote,
360 3469 428 3534 quod
444 3469 598 3534 quibusdum
609 3471 635 3519 in
646 3470 676 3519 ii·
716 3478 787 3532 sunt,
797 3486 861 3538 quos
876 3471 964 3522 Graeci
978 3471 1158 3534 Philosophus,
1176 3470 1252 3521 Galli

144 3545 196 3594 bris
205 3545 405 3608 cumsuperiorc
413 3558 556 3594 connexum
568 3545 675 3608 legitur,
716 3547 838 3609 Druidas,
864 3547 981 3611 AEgyptii
1011 3545 1171 3610 Prophetas,
1201 3561 1250 3597 nos

144 3618 293 3669 detestatur
302 3617 427 3668 nefariam
435 3619 517 3668 Gellii
526 3633 584 3669 curn
593 3626 676 3669 matre
715 3621 1035 3685 Sapientesuppellumus.

145 3701 173 3745 et
189 3707 277 3743 sorore
287 3692 440 3755 libidinem
463 3694 577 3759 dicitque
590 3710 623 3744 ex
632 3710 676 3746 eo·
748 3701 765 3746 2
776 3698 899 3747 Persicum
910 3694 1063 3760 aruspicium]
1080 3692 1251 3758 Aruspicium

145 3785 202 3821 rum
214 3769 352 3820 concubitu
362 3783 463 3831 magum
475 3770 587 3834 aliquem
604 3772 677 3820 nosci
716 3771 813 3822 dicitur
827 3778 947 3822 extorum
963 3770 1108 3836 inspectio:
1133 3769 1206 3819 unde
1224 3786 1253 3820 s·

145 3852 282 3910 oportere3
308 3845 330 3894 si
348 3845 488 3894 Persarum
506 3845 596 3908 religio
614 3861 676 3896 veru
716 3861 812 3912 ruspex
829 3862 862 3898 ex
877 3849 941 3898 hura
952 3854 980 3897 et
992 3846 1088 3911 specio.
1120 3846 1252 3897 Decierot

144 3922 197 3983 sit3
218 3921 263 3988 qui
272 3919 400 3984 ejusmodi
411 3934 549 3985 corporum
559 3922 677 3972 commis·
717 3923 852 3988 quomodo
862 3928 986 3974 nuscetur
995 3937 1086 3987 mogus
1100 3920 1172 3986 spud
1182 3921 1252 3972 Per·

146 3997 231 4047 tiones
248 3997 334 4047 licitas
344 4009 402 4046 esse
421 4002 531 4059 puteut;
560 3996 677 4062 adeoque
715 4013 768 4063 sus,
784 4008 812 4050 et
838 4000 966 4065 quodnam
990 3999 1026 4049 sit
1047 3998 1103 4062 ejus
1124 3993 1253 4061 officium,

144 4073 240 4123 bonum
258 4087 362 4138 mogum
379 4087 432 4123 non
460 4085 537 4136 posse
555 4073 680 4136 existere,
716 4075 818 4124 scilicet
827 4081 932 4127 omento
951 4082 979 4125 et
999 4074 1114 4126 carmine
1133 4072 1254 4125 Numine

147 4147 196 4196 nisi
207 4162 284 4213 quem
302 4163 318 4200 o
334 4147 388 4200 tilio
407 4162 555 4213 compressu
566 4149 679 4201 ediderit
715 4150 830 4216 plicare.
892 4208 895 4215 .
965 4140 970 4147 ’
