2774 4702
545 334 576 379 c.
603 331 759 381 venusti
782 329 948 381 cardum

217 502 228 515 1
325 474 421 559 Opus
436 475 520 540 foret
535 476 659 554 volare,
674 475 745 540 sive
756 477 869 541 linteo.
927 542 931 552 ,

322 576 366 640 Εῑ
377 576 442 640 hoo
456 583 553 658 negat
566 576 707 642 minacis
719 575 886 643 Adriatici

323 677 456 760 Negare
470 677 577 758 littus,
592 677 766 742 insulasve
783 676 960 762 Cycladas,

321 777 521 843 Rhodumve
533 779 689 852 nobilem,
705 778 916 844 horridamve
930 778 1120 859 Thraciam,

322 879 544 962 Propontida,
560 886 727 944 trucemve
742 879 919 945 Ponticum
934 881 1062 961 sinum;

190 1091 282 1128 maesse
292 1082 350 1127 esset
362 1093 456 1127 cusum
467 1082 564 1137 terrere;
580 1085 604 1128 et
620 1079 656 1128 oit
667 1095 732 1128 mum
747 1078 871 1129 Adriatici
881 1080 960 1143 pelugi
969 1079 1094 1143 pauculosi
1104 1094 1150 1129 nou
1161 1091 1235 1141 posse
1246 1077 1290 1145 boc

188 1142 302 1206 inficiari,
310 1158 382 1206 usquc
395 1143 511 1206 Cyclados
521 1143 619 1204 iuratos,
629 1159 701 1207 neque
712 1145 798 1193 chron
812 1143 929 1202 lilrodum
938 1159 979 1193 uec
991 1144 1116 1197 Thracicos
1125 1144 1239 1204 gelidum,
1247 1156 1289 1190 sec

190 1206 367 1269 Propontidem,
379 1222 421 1255 uec
434 1209 511 1256 sinum
522 1207 647 1256 Ponticum
659 1207 803 1264 terribilems
817 1207 892 1268 juxto
906 1222 973 1270 quem
987 1208 1101 1258 Phaselus
1109 1207 1164 1270 iste,
1173 1206 1215 1270 qui
1224 1211 1289 1268 post·

648 1333 828 1352 W

189 1443 260 1479 sema
271 1429 298 1478 in
310 1435 410 1478 textum
428 1429 585 1480 inculcatum
604 1431 692 1481 esset.'
710 1432 842 1481 Huud.-6
858 1433 865 1460 ‘
878 1431 953 1480 Voss.
964 1430 1023 1494 quia
1034 1429 1060 1478 in
1072 1429 1198 1479 nonnullis
1210 1427 1287 1477 codd.

188 1494 288 1556 legerat
299 1500 396 1556 negant,
408 1495 511 1557 reponit
522 1510 564 1544 nec
574 1501 627 1556 cut,
639 1496 722 1555 male;
744 1510 802 1544 nam
822 1496 860 1544 sic
880 1495 949 1558 perit
967 1495 1074 1558 quaesita
1088 1493 1172 1556 poiitae
1183 1494 1287 1554 elegan-

188 1556 242 1607 tia!
268 1559 391 1608 Docet—8
411 1558 500 1609 Graev.
522 1560 587 1621 legit
609 1560 820 1623 Rhodumque-9
838 1558 961 1608 Nonnulli
989 1558 1167 1623 Propontidem,
1188 1557 1287 1619 absque

186 1623 360 1682 necessitate5
381 1637 439 1673 unm
451 1623 542 1673 ultima
553 1623 653 1687 syllaba
663 1627 704 1688 de,
714 1632 824 1688 propter
835 1629 1007 1674 consonantes
1019 1629 1043 1672 tr
1061 1622 1133 1671 verbi
1145 1619 1287 1684 sequentis,

682 1797 792 1848 NOTAE

217 1908 382 1972 bAdriotici]
415 1908 578 1959 Adriaticum
596 1908 715 1958 maredi·
755 1911 793 1959 Ut
815 1911 951 1959 Lucanus:
980 1909 1153 1974 ‘Clarumque
1178 1908 1285 1974 reliquit

185 1983 254 2031 citur
262 1983 306 2031 ille
318 1983 389 2032 sinus
401 1982 471 2032 inter
482 1984 617 2037 Lacinium
627 1990 714 2034 extre·
754 1985 812 2036 Sole
825 1984 959 2035 Rhodum!

184 2073 253 2106 muru
265 2058 360 2121 ltaliae,
369 2065 398 2108 et
410 2058 628 2108 Acroceraunium
640 2059 713 2122 Epiri
787 2061 946 2110 Houidcmre
973 2058 1109 2122 Thracium]
1149 2058 1215 2108 Pars
1242 2067 1284 2110 est

183 2132 393 2183 Promontorinm
420 2147 570 2196 excurrens,
594 2134 662 2198 quod
685 2138 713 2182 et
750 2137 865 2200 Bnropae
882 2137 916 2185 ad
932 2136 1148 2198 Septemtrionem
1161 2149 1282 2198 vergens,

182 2209 309 2271 Superum
322 2224 392 2258 mare
403 2210 559 2272 appellatur,
575 2216 603 2259 et
619 2209 711 2259 Adria·
753 2226 810 2275 qna
823 2212 855 2261 ab
867 2211 938 2261 Ortu
949 2210 1147 2272 Propontidem,
1158 2216 1186 2258 et
1196 2224 1212 2258 n
1223 2211 1282 2260 Me·

180 2285 270 2345 ticum,
282 2285 314 2333 ab
326 2284 408 2335 Adria
419 2286 483 2334 urbe
495 2285 526 2334 nd
543 2285 616 2334 istius
633 2287 711 2334 maris
751 2286 818 2335 ridie
829 2301 899 2336 mare
910 2286 1025 2349 AEgaeum
1044 2290 1155 2350 spectat.
1192 2286 1284 2336 Habet

180 2360 265 2421 littus,
284 2367 311 2409 et
331 2361 364 2409 ad
384 2359 451 2409 Padi
471 2362 564 2410 ostium
584 2376 599 2408 a
617 2361 711 2409 Tuscis
752 2361 923 2423 praeteralias
935 2361 1009 2410 urbes
1029 2359 1062 2408 ab
1080 2359 1227 2409 auctoribus
1239 2375 1282 2410 ce·

181 2433 296 2494 condita,
310 2434 389 2497 juste
407 2435 521 2484 Plinium
541 2436 586 2485 lib.
608 2449 651 2486 ιιι.
671 2440 710 2485 16.
751 2436 864 2485 lebratss
884 2436 1048 2499 Byzantium,
1068 2450 1114 2484 seu
1134 2437 1285 2486 Constanti·

181 2509 292 2558 ‘Nobili
309 2516 386 2572 portu
406 2509 496 2573 oppidi
513 2511 655 2559 Tuscorum
675 2509 709 2559 Α·
750 2511 871 2573 nopolim,
883 2511 915 2559 ad
929 2512 1083 2573 Bosporum,
1093 2511 1137 2560 nbi
1155 2525 1224 2561 nunc
1241 2526 1282 2560 se·

180 2583 253 2645 driae,
272 2599 287 2635 u
308 2599 359 2649 qno
379 2584 520 2635 Adriacnm
541 2593 619 2635 antea
637 2600 708 2636 mare
750 2585 809 2635 dem
844 2586 922 2636 habet
954 2588 1094 2635 'l'urcarnm
1125 2586 1281 2649 Imperator.

178 2660 347 2722 appellatum,
362 2660 431 2725 quod
448 2675 516 2710 nnnc
528 2660 708 2712 Adriaticum!
748 2661 857 2711 Thracia
876 2676 938 2711 vero
957 2662 1052 2710 dicitur
1061 2661 1175 2724 horrida,
1185 2663 1228 2711 vel
1245 2663 1279 2711 sb

177 2736 254 2786 Unde
265 2743 293 2786 et
305 2736 398 2785 Horat.
411 2737 419 2764 ‘
430 2735 552 2798 Improbo
562 2737 708 2784 iracundior
747 2735 890 2782 incolarum
907 2733 1023 2796 feritate,
1034 2736 1075 2783 sel
1087 2750 1103 2783 a
1113 2734 1210 2798 frigore
1228 2752 1280 2801 qno

178 2811 277 2863 Adria!
310 2813 406 2859 Lucan.
426 2810 468 2857 lib.
478 2823 504 2858 v.
521 2809 620 2856 ‘Sonst
632 2809 706 2857 Ionio
747 2805 916 2857 deformatur.

176 2901 258 2950 vagus
278 2885 360 2935 Adris
380 2883 479 2948 ponto.'
520 2883 642 2945 Propert.
660 2882 706 2931 lib.
779 2885 796 2929 9
815 2882 970 2946 Propontida]
993 2884 1091 2934 Ultima
1102 2885 1201 2948 syllaba
1219 2901 1280 2948 pro-

176 2975 220 3010 ιιι.
244 2960 334 3023 ‘Ergo
351 2974 400 3022 ego
419 2973 488 3007 nnnc
508 2958 578 3006 rudis
601 2957 708 3007 Adriani
748 2955 874 3020 ducenda,
882 2959 915 3007 ob
924 2959 987 3008 dues
997 2965 1134 3024 sequentes
1144 2974 1280 3022 consonss,

177 3038 256 3087 vehar
268 3035 380 3101 equoris
392 3035 505 3096 hospes.'
748 3034 789 3082 vel
809 3034 946 3096 legendum
965 3035 1144 3097 Propontidem,
1164 3042 1193 3084 ut
1213 3049 1278 3084 non-

207 3109 369 3176 rependas]
403 3109 498 3158 lnsulae
518 3114 577 3158 snnt
597 3109 622 3157 in
642 3109 707 3158 mari
748 3109 918 3173 nnllilegunt.
953 3110 1094 3173 Propontis
1106 3117 1194 3159 auteur
1205 3125 1278 3160 mere

175 3190 273 3252 AEgreo,
283 3187 354 3238 circa
369 3185 464 3235 Delum
477 3185 559 3234 veluti
576 3185 602 3233 in
618 3184 706 3234 orbem
747 3190 787 3232 est
798 3184 862 3232 illud
874 3186 951 3248 paulo
962 3186 1054 3246 laxius,
1070 3184 1137 3250 qnod
1159 3185 1192 3234 ab
1213 3185 1280 3234 Hel·

175 3263 242 3326 sitne,
250 3262 319 3312 unde
330 3275 423 3311 nomen
435 3266 580 3310 traxerunt.
745 3259 858 3323 lesponti
869 3261 991 3324 angustiis
1003 3259 1035 3308 ad
1047 3260 1183 3309 Thracium
1196 3274 1277 3324 usque

206 3343 222 3388 8
235 3338 371 3389 ledtonoe
380 3335 490 3400 nobilem]
504 3336 609 3386 Rhodus
622 3336 705 3386 insula
745 3335 891 3398 Bosporum
903 3336 1083 3399 protenditnr3
1100 3335 1194 3399 primas
1206 3336 1276 3385 enim

173 3418 251 3470 naris
263 3417 399 3481 Carpathii
416 3417 501 3467 Caria
520 3415 650 3480 adjacens,
666 3416 704 3464 in·
744 3412 876 3474 angustias
887 3411 964 3460 maris
974 3411 1056 3474 AEgaei
1066 3426 1123 3460 sese
1141 3418 1277 3461 coarctan-

173 3498 214 3541 ter
233 3492 303 3542 Asiae
323 3493 418 3542 insulas
438 3492 517 3540 tertia
536 3499 702 3550 numeratur,
745 3488 779 3537 tis
791 3488 990 3550 Hellespontum
999 3497 1102 3536 vocant.
1135 3485 1188 3534 Ubi
1198 3485 1277 3535 latius

172 3568 215 3617 cui
226 3567 330 3617 Rhodos
345 3568 462 3630 Neptuni
473 3566 525 3616 filiu
537 3567 570 3615 ab
581 3567 704 3629 Apolline
744 3565 908 3628 exspatiatur
919 3578 1016 3628 aequor,
1033 3563 1174 3626 Propontis
1185 3565 1276 3627 appel-

173 3642 292 3691 adamata
301 3657 393 3690 nomen
404 3641 496 3701 dedit;
512 3648 542 3691 ut
551 3643 587 3690 ait
596 3641 703 3690 Diodor.
742 3641 820 3703 latur,
831 3641 903 3705 quasi
913 3647 974 3689 ante
995 3645 1101 3702 pontum
1112 3654 1120 3698 ς
1145 3636 1191 3686 ubi
1211 3652 1274 3687 vero

172 3718 217 3767 lib.
229 3732 269 3768 vr.
303 3717 400 3766 Urbem
413 3717 528 3779 ejusdem
540 3716 649 3765 nominis
659 3717 702 3764 hn-
743 3729 830 3764 rursus
839 3717 864 3764 iu
875 3722 974 3764 arctum
986 3714 1040 3764 coit
1057 3715 1186 3776 Bosporus
1194 3713 1276 3762 Thre-

170 3794 291 3843 bulthaec
302 3795 394 3855 insula,
406 3809 463 3858 qnae
475 3794 561 3842 multis
574 3793 647 3841 annis
656 3794 703 3842 im·
742 3789 977 3852 ciusnuncnpntur.
1011 3786 1275 3838 ludeiternmeffnn·

171 3871 244 3933 perio
255 3871 334 3920 maris
346 3870 431 3933 potita
442 3876 498 3919 est:
522 3868 611 3918 irritet
629 3870 655 3917 in
670 3883 702 3918 ea
741 3864 822 3927 ditur,
834 3875 992 3929 vocaturque
1004 3865 1103 3913 Pontus
1113 3862 1239 3913 Euxinus.

169 3945 253 3995 insula
271 3945 428 3996 admirandas
448 3943 632 4008 magnitudinis
651 3944 701 3993 Co·
773 3939 1000 4002 Pooticumsisrum]
1018 3938 1060 3989 Ad
1071 3940 1182 3989 Boream
1193 3953 1274 4003 supra

169 4022 313 4082 torsus,sen
323 4029 411 4072 statua
421 4021 503 4082 Solis3
516 4019 700 4085 quemfecerat
740 4015 884 4079 Bosporum
900 4014 1037 4065 Thracium
1048 4020 1088 4063 est
1099 4013 1227 4063 Ponticus
1239 4015 1274 4063 si·

171 4097 267 4145 Chares
288 4099 394 4160 Lydius,
419 4097 529 4161 Lysippi
549 4096 701 4160 discipulus,
740 4106 797 4153 nus,
816 4094 894 4154 vulgo
915 4091 1001 4140 dictus
1023 4090 1125 4140 Pontus
1144 4089 1275 4151 Euxinus,

169 4171 239 4221 unde
258 4171 354 4221 Rhodii
366 4172 531 4223 Colossenses
550 4170 613 4220 dicti
631 4178 699 4221 sunt.
739 4169 800 4218 olim
812 4167 927 4232 Axenus,
939 4168 957 4217 i.
968 4182 993 4218 e.
1006 4167 1178 4233 inhospitalis,
1194 4177 1273 4217 atrox
