<?xml version="1.0" encoding="UTF-8"?>
<!DOCTYPE html PUBLIC "-//W3C//DTD XHTML 1.0 Transitional//EN"
    "http://www.w3.org/TR/xhtml1/DTD/xhtml1-transitional.dtd">
<html xmlns="http://www.w3.org/1999/xhtml" xml:lang="en" lang="en">
 <head>
  <title>
</title>
<meta http-equiv="Content-Type" content="text/html;charset=utf-8" />
  <meta name='ocr-system' content='tesseract 3.04.00' />
  <meta name='ocr-capabilities' content='ocr_page ocr_carea ocr_par ocr_line ocrx_word'/>
</head>
<body>
  <div class='ocr_page' id='page_1' title='image "./cvaleriicatulli00catugoog/cvaleriicatulli00catugoog_0331.png"; bbox 0 0 2774 4702; ppageno 0'>
   <div class='ocr_carea' id='block_1_1' title="bbox 143 311 894 377">
    <p class='ocr_par' dir='ltr' id='par_1_1' title="bbox 143 311 894 377">
     <span class='ocr_line' id='line_1_1' title="bbox 143 311 894 377; baseline -0.008 0"><span class='ocrx_word' id='word_1_1' title='bbox 143 311 211 377; x_wconf 81' lang='lat'><strong>306</strong></span> <span class='ocrx_word' id='word_1_2' title='bbox 490 326 521 372; x_wconf 89' lang='lat' dir='ltr'><strong>c.</strong></span> <span class='ocrx_word' id='word_1_3' title='bbox 548 323 704 373; x_wconf 71' lang='lat' dir='ltr'><strong>vinnon</strong></span> <span class='ocrx_word' id='word_1_4' title='bbox 728 324 894 373; x_wconf 74' lang='lat' dir='ltr'><strong>curuum</strong></span> 
     </span>
    </p>
   </div>
   <div class='ocr_carea' id='block_1_2' title="bbox 140 467 1248 1201">
    <p class='ocr_par' dir='ltr' id='par_1_2' title="bbox 140 467 1248 1201">
     <span class='ocr_line' id='line_1_2' title="bbox 145 467 1248 552; baseline 0.004 -17"><span class='ocrx_word' id='word_1_5' title='bbox 145 469 424 552; x_wconf 84' lang='lat' dir='ltr'>Quandoquidem</span> <span class='ocrx_word' id='word_1_6' title='bbox 438 467 571 533; x_wconf 80' lang='lat' dir='ltr'><strong>fortuna</strong></span> <span class='ocrx_word' id='word_1_7' title='bbox 582 468 662 532; x_wconf 91' lang='lat' dir='ltr'><strong>mihi</strong></span> <span class='ocrx_word' id='word_1_8' title='bbox 677 472 742 532; x_wconf 90' lang='lat' dir='ltr'><strong>tete</strong></span> <span class='ocrx_word' id='word_1_9' title='bbox 758 468 896 533; x_wconf 86' lang='lat' dir='ltr'><strong>abstulit</strong></span> <span class='ocrx_word' id='word_1_10' title='bbox 910 469 1040 552; x_wconf 89' lang='lat' dir='ltr'><strong>ipsum:</strong></span> <span class='ocrx_word' id='word_1_11' title='bbox 1223 478 1248 539; x_wconf 88' lang='grc'><strong><em>5</em></strong></span> 
     </span>
     <span class='ocr_line' id='line_1_3' title="bbox 188 568 896 654; baseline -0.003 -18"><span class='ocrx_word' id='word_1_12' title='bbox 188 571 266 637; x_wconf 87' lang='lat' dir='ltr'><strong>Heu</strong></span> <span class='ocrx_word' id='word_1_13' title='bbox 278 573 379 636; x_wconf 84' lang='lat' dir='ltr'><strong>miser</strong></span> <span class='ocrx_word' id='word_1_14' title='bbox 393 570 527 654; x_wconf 81' lang='lat' dir='ltr'><strong>indigno</strong></span> <span class='ocrx_word' id='word_1_15' title='bbox 540 569 641 633; x_wconf 79' lang='lat' dir='ltr'><strong>frater</strong></span> <span class='ocrx_word' id='word_1_16' title='bbox 656 569 788 632; x_wconf 85' lang='lat' dir='ltr'><strong>ademto</strong></span> <span class='ocrx_word' id='word_1_17' title='bbox 802 568 896 634; x_wconf 90' lang='lat' dir='ltr'><strong>mihi.</strong></span> 
     </span>
     <span class='ocr_line' id='line_1_4' title="bbox 143 669 1021 759; baseline 0.001 -24"><span class='ocrx_word' id='word_1_18' title='bbox 143 669 244 735; x_wconf 90' lang='lat' dir='ltr'><strong>Nunc</strong></span> <span class='ocrx_word' id='word_1_19' title='bbox 259 678 368 759; x_wconf 82' lang='lat' dir='ltr'><strong>tamen</strong></span> <span class='ocrx_word' id='word_1_20' title='bbox 381 671 507 735; x_wconf 86' lang='lat' dir='ltr'><strong>interea</strong></span> <span class='ocrx_word' id='word_1_21' title='bbox 520 669 636 752; x_wconf 88' lang='lat' dir='ltr'><strong>prisco</strong></span> <span class='ocrx_word' id='word_1_22' title='bbox 651 688 728 751; x_wconf 82' lang='lat' dir='ltr'><strong>qnae</strong></span> <span class='ocrx_word' id='word_1_23' title='bbox 742 688 834 733; x_wconf 88' lang='lat' dir='ltr'><strong>more</strong></span> <span class='ocrx_word' id='word_1_24' title='bbox 850 677 1021 752; x_wconf 85' lang='lat' dir='ltr'><strong>parentum</strong></span> 
     </span>
     <span class='ocr_line' id='line_1_5' title="bbox 183 760 935 848; baseline -0.003 -12"><span class='ocrx_word' id='word_1_25' title='bbox 183 772 321 836; x_wconf 84' lang='lat' dir='ltr'><strong>Tradita</strong></span> <span class='ocrx_word' id='word_1_26' title='bbox 335 776 411 835; x_wconf 89' lang='lat' dir='ltr'><strong>sunt</strong></span> <span class='ocrx_word' id='word_1_27' title='bbox 423 770 535 835; x_wconf 84' lang='lat' dir='ltr'><strong>tristes</strong></span> <span class='ocrx_word' id='word_1_28' title='bbox 550 760 686 834; x_wconf 83' lang='lat' dir='ltr'><strong>munera</strong></span> <span class='ocrx_word' id='word_1_29' title='bbox 701 770 744 834; x_wconf 86' lang='lat' dir='ltr'><strong>ad</strong></span> <span class='ocrx_word' id='word_1_30' title='bbox 759 770 906 848; x_wconf 82' lang='lat' dir='ltr'><strong>inferias,</strong></span> <span class='ocrx_word' id='word_1_31' title='bbox 933 813 935 816; x_wconf 54' lang='lat'>&gt;</span> 
     </span>
     <span class='ocr_line' id='line_1_6' title="bbox 141 870 892 956; baseline -0.003 -18"><span class='ocrx_word' id='word_1_32' title='bbox 141 871 281 956; x_wconf 87' lang='lat' dir='ltr'><strong>Accipe,</strong></span> <span class='ocrx_word' id='word_1_33' title='bbox 296 873 440 938; x_wconf 82' lang='lat' dir='ltr'><strong>fraterno</strong></span> <span class='ocrx_word' id='word_1_34' title='bbox 453 870 596 936; x_wconf 91' lang='lat' dir='ltr'><strong>multum</strong></span> <span class='ocrx_word' id='word_1_35' title='bbox 609 871 780 935; x_wconf 78' lang='lat' dir='ltr'><strong>manantia</strong></span> <span class='ocrx_word' id='word_1_36' title='bbox 792 870 892 936; x_wconf 86' lang='lat' dir='ltr'><strong>fletu:</strong></span> 
     </span>
     <span class='ocr_line' id='line_1_7' title="bbox 183 969 1243 1056; baseline 0.006 -19"><span class='ocrx_word' id='word_1_37' title='bbox 183 972 297 1055; x_wconf 84' lang='lat' dir='ltr'><strong>Atque</strong></span> <span class='ocrx_word' id='word_1_38' title='bbox 312 974 346 1037; x_wconf 91' lang='lat' dir='ltr'><strong>in</strong></span> <span class='ocrx_word' id='word_1_39' title='bbox 362 978 572 1056; x_wconf 81' lang='lat' dir='ltr'><strong>perpetuum,</strong></span> <span class='ocrx_word' id='word_1_40' title='bbox 587 969 697 1050; x_wconf 82' lang='lat' dir='ltr'><strong>frater,</strong></span> <span class='ocrx_word' id='word_1_41' title='bbox 711 990 773 1037; x_wconf 85' lang='lat' dir='ltr'><strong>ave</strong></span> <span class='ocrx_word' id='word_1_42' title='bbox 785 978 888 1054; x_wconf 84' lang='lat' dir='ltr'><strong>atque</strong></span> <span class='ocrx_word' id='word_1_43' title='bbox 903 973 989 1038; x_wconf 83' lang='lat' dir='ltr'><strong>valo.</strong></span> <span class='ocrx_word' id='word_1_44' title='bbox 1199 979 1243 1043; x_wconf 88' lang='lat' dir='ltr'><strong>to</strong></span> 
     </span>
     <span class='ocr_line' id='line_1_8' title="bbox 140 1135 1245 1201; baseline 0.005 -15"><span class='ocrx_word' id='word_1_45' title='bbox 140 1136 242 1199; x_wconf 74' lang='lat' dir='ltr'><strong>eripuit:</strong></span> <span class='ocrx_word' id='word_1_46' title='bbox 263 1150 277 1185; x_wconf 86' lang='lat' dir='ltr'><strong>o</strong></span> <span class='ocrx_word' id='word_1_47' title='bbox 291 1135 376 1196; x_wconf 67' lang='lat' dir='ltr'><strong>infelix</strong></span> <span class='ocrx_word' id='word_1_48' title='bbox 390 1151 502 1197; x_wconf 70' lang='lat' dir='ltr'><strong>germane</strong></span> <span class='ocrx_word' id='word_1_49' title='bbox 512 1135 572 1186; x_wconf 82' lang='lat' dir='ltr'><strong>mitti</strong></span> <span class='ocrx_word' id='word_1_50' title='bbox 581 1136 697 1185; x_wconf 82' lang='lat' dir='ltr'><strong>immerito</strong></span> <span class='ocrx_word' id='word_1_51' title='bbox 705 1139 792 1199; x_wconf 78' lang='lat' dir='ltr'><strong>erepte.</strong></span> <span class='ocrx_word' id='word_1_52' title='bbox 830 1136 995 1187; x_wconf 71' lang='lat' dir='ltr'><strong>Verumtamen</strong></span> <span class='ocrx_word' id='word_1_53' title='bbox 1005 1152 1067 1187; x_wconf 79' lang='lat' dir='ltr'><strong>notre</strong></span> <span class='ocrx_word' id='word_1_54' title='bbox 1081 1139 1173 1201; x_wconf 77' lang='lat' dir='ltr'><strong>suscipe</strong></span> <span class='ocrx_word' id='word_1_55' title='bbox 1184 1142 1245 1192; x_wconf 75' lang='lat' dir='ltr'><strong>etone</strong></span> 
     </span>
    </p>
   </div>
   <div class='ocr_carea' id='block_1_3' title="bbox 140 1199 1244 1335">
    <p class='ocr_par' dir='ltr' id='par_1_3' title="bbox 140 1199 1244 1335">
     <span class='ocr_line' id='line_1_9' title="bbox 141 1199 1244 1264; baseline 0.005 -15"><span class='ocrx_word' id='word_1_56' title='bbox 141 1201 244 1249; x_wconf 72' lang='lat' dir='ltr'><strong>stettin</strong></span> <span class='ocrx_word' id='word_1_57' title='bbox 248 1199 367 1260; x_wconf 70' lang='lat' dir='ltr'><strong>fraternis</strong></span> <span class='ocrx_word' id='word_1_58' title='bbox 376 1201 486 1264; x_wconf 61' lang='lat' dir='ltr'><strong>temperie</strong></span> <span class='ocrx_word' id='word_1_59' title='bbox 492 1202 617 1260; x_wconf 60' lang='lat' dir='ltr'><strong>mittentia,</strong></span> <span class='ocrx_word' id='word_1_60' title='bbox 623 1215 676 1262; x_wconf 75' lang='lat' dir='ltr'><strong>pure</strong></span> <span class='ocrx_word' id='word_1_61' title='bbox 685 1201 783 1263; x_wconf 73' lang='lat' dir='ltr'><strong>antiquo</strong></span> <span class='ocrx_word' id='word_1_62' title='bbox 793 1203 906 1262; x_wconf 69' lang='lat' dir='ltr'><strong>uetpmm</strong></span> <span class='ocrx_word' id='word_1_63' title='bbox 917 1211 1063 1251; x_wconf 83' lang='lat' dir='ltr'><strong>nostrorum</strong></span> <span class='ocrx_word' id='word_1_64' title='bbox 1073 1204 1125 1252; x_wconf 82' lang='lat' dir='ltr'><strong>rt&#39;ts</strong></span> <span class='ocrx_word' id='word_1_65' title='bbox 1131 1204 1244 1254; x_wconf 70' lang='lat' dir='ltr'><strong>institute</strong></span> 
     </span>
     <span class='ocr_line' id='line_1_10' title="bbox 140 1263 1141 1335; baseline 0.003 -21"><span class='ocrx_word' id='word_1_66' title='bbox 140 1269 199 1314; x_wconf 79' lang='lat' dir='ltr'><strong>tent</strong></span> <span class='ocrx_word' id='word_1_67' title='bbox 208 1266 240 1313; x_wconf 84' lang='lat' dir='ltr'><strong>ott</strong></span> <span class='ocrx_word' id='word_1_68' title='bbox 250 1263 360 1326; x_wconf 75' lang='lat' dir='ltr'><strong>lugubres</strong></span> <span class='ocrx_word' id='word_1_69' title='bbox 370 1265 470 1328; x_wconf 78' lang='lat' dir='ltr'><strong>insertos</strong></span> <span class='ocrx_word' id='word_1_70' title='bbox 479 1264 646 1315; x_wconf 77' lang='lat' dir='ltr'><strong>celebrandas</strong></span> <span class='ocrx_word' id='word_1_71' title='bbox 657 1281 664 1324; x_wconf 87' lang='lat'>;</span> <span class='ocrx_word' id='word_1_72' title='bbox 680 1269 704 1313; x_wconf 89' lang='lat' dir='ltr'><strong>et</strong></span> <span class='ocrx_word' id='word_1_73' title='bbox 712 1265 738 1312; x_wconf 78' lang='lat' dir='ltr'><strong>itt</strong></span> <span class='ocrx_word' id='word_1_74' title='bbox 749 1270 862 1314; x_wconf 75' lang='lat' dir='ltr'><strong>eternum</strong></span> <span class='ocrx_word' id='word_1_75' title='bbox 872 1265 1038 1331; x_wconf 52' lang='lat' dir='ltr'><strong>attestato,</strong></span> <span class='ocrx_word' id='word_1_76' title='bbox 1050 1269 1141 1335; x_wconf 28' lang='lat' dir='ltr'><strong>etnoote.</strong></span> 
     </span>
    </p>
   </div>
   <div class='ocr_carea' id='block_1_4' title="bbox 602 1389 779 1409">
    <p class='ocr_par' dir='ltr' id='par_1_4' title="bbox 602 1389 779 1409">
     <span class='ocr_line' id='line_1_11' title="bbox 602 1389 779 1409; baseline -0.006 0"><span class='ocrx_word' id='word_1_77' title='bbox 602 1389 779 1409; x_wconf 56' lang='lat' dir='ltr'><strong><em>‘MNO‘</em></strong></span> 
     </span>
    </p>
   </div>
   <div class='ocr_carea' id='block_1_5' title="bbox 140 1470 1243 1570">
    <p class='ocr_par' dir='ltr' id='par_1_5' title="bbox 140 1470 1243 1570">
     <span class='ocr_line' id='line_1_12' title="bbox 140 1470 1243 1570; baseline 0.003 -50"><span class='ocrx_word' id='word_1_78' title='bbox 140 1477 188 1520; x_wconf 81' lang='lat' dir='ltr'><strong>-s</strong></span> <span class='ocrx_word' id='word_1_79' title='bbox 206 1472 238 1521; x_wconf 88' lang='lat' dir='ltr'><strong>ln</strong></span> <span class='ocrx_word' id='word_1_80' title='bbox 250 1470 367 1521; x_wconf 83' lang='lat' dir='ltr'><strong>omnibns</strong></span> <span class='ocrx_word' id='word_1_81' title='bbox 377 1472 445 1523; x_wconf 82' lang='lat' dir='ltr'><strong>Stet.</strong></span> <span class='ocrx_word' id='word_1_82' title='bbox 456 1472 532 1522; x_wconf 84' lang='lat' dir='ltr'><strong>Voss.</strong></span> <span class='ocrx_word' id='word_1_83' title='bbox 544 1477 571 1521; x_wconf 90' lang='lat' dir='ltr'><strong>et</strong></span> <span class='ocrx_word' id='word_1_84' title='bbox 579 1471 685 1521; x_wconf 78' lang='lat' dir='ltr'><strong>Marcit.</strong></span> <span class='ocrx_word' id='word_1_85' title='bbox 695 1470 772 1520; x_wconf 86' lang='lat' dir='ltr'><strong>codd.</strong></span> <span class='ocrx_word' id='word_1_86' title='bbox 785 1475 810 1520; x_wconf 88' lang='lat' dir='ltr'><strong>te</strong></span> <span class='ocrx_word' id='word_1_87' title='bbox 819 1470 926 1532; x_wconf 81' lang='lat' dir='ltr'><strong>obstulit,</strong></span> <span class='ocrx_word' id='word_1_88' title='bbox 940 1470 1027 1520; x_wconf 82' lang='lat' dir='ltr'><strong>triente</strong></span> <span class='ocrx_word' id='word_1_89' title='bbox 1045 1471 1158 1570; x_wconf 46' lang='lat' dir='ltr'><strong>epitebt:</strong></span> <span class='ocrx_word' id='word_1_90' title='bbox 1171 1473 1243 1523; x_wconf 82' lang='lat' dir='ltr'><strong>Met-</strong></span> 
     </span>
    </p>
   </div>
   <div class='ocr_carea' id='block_1_6' title="bbox 138 1534 1243 2107">
    <p class='ocr_par' dir='ltr' id='par_1_6' title="bbox 138 1534 1243 2107">
     <span class='ocr_line' id='line_1_13' title="bbox 141 1534 1242 1600; baseline 0.004 -16"><span class='ocrx_word' id='word_1_91' title='bbox 141 1536 183 1586; x_wconf 90' lang='lat' dir='ltr'><strong>eit.</strong></span> <span class='ocrx_word' id='word_1_92' title='bbox 194 1535 261 1599; x_wconf 85' lang='lat' dir='ltr'><strong>conj.</strong></span> <span class='ocrx_word' id='word_1_93' title='bbox 270 1535 318 1585; x_wconf 66' lang='grc' dir='ltr'><strong>Μ’</strong></span> <span class='ocrx_word' id='word_1_94' title='bbox 328 1535 483 1586; x_wconf 59' lang='lat' dir='ltr'><strong>obnuit—o</strong></span> <span class='ocrx_word' id='word_1_95' title='bbox 499 1535 568 1585; x_wconf 84' lang='lat' dir='ltr'><strong>Hei!</strong></span> <span class='ocrx_word' id='word_1_96' title='bbox 577 1537 662 1584; x_wconf 84' lang='lat' dir='ltr'><strong>misero</strong></span> <span class='ocrx_word' id='word_1_97' title='bbox 671 1535 770 1596; x_wconf 68' lang='lat' dir='ltr'><strong>iodim</strong></span> <span class='ocrx_word' id='word_1_98' title='bbox 775 1534 859 1595; x_wconf 78' lang='lat' dir='ltr'><strong>stater</strong></span> <span class='ocrx_word' id='word_1_99' title='bbox 869 1537 975 1599; x_wconf 75' lang='lat' dir='ltr'><strong>adempte</strong></span> <span class='ocrx_word' id='word_1_100' title='bbox 985 1535 1058 1584; x_wconf 82' lang='lat' dir='ltr'><strong>mitti.</strong></span> <span class='ocrx_word' id='word_1_101' title='bbox 1074 1537 1148 1587; x_wconf 83' lang='lat' dir='ltr'><strong>Voss.</strong></span> <span class='ocrx_word' id='word_1_102' title='bbox 1161 1537 1242 1600; x_wconf 79' lang='lat' dir='ltr'><strong>Vnip.</strong></span> 
     </span>
     <span class='ocr_line' id='line_1_14' title="bbox 140 1599 1243 1662; baseline 0.004 -14"><span class='ocrx_word' id='word_1_103' title='bbox 140 1599 189 1648; x_wconf 89' lang='lat' dir='ltr'><strong>Ed.</strong></span> <span class='ocrx_word' id='word_1_104' title='bbox 202 1614 277 1649; x_wconf 81' lang='lat' dir='ltr'><strong>enon.</strong></span> <span class='ocrx_word' id='word_1_105' title='bbox 286 1599 346 1658; x_wconf 80' lang='lat' dir='ltr'><strong>olii3</strong></span> <span class='ocrx_word' id='word_1_106' title='bbox 359 1599 418 1647; x_wconf 87' lang='lat' dir='ltr'><strong>vide</strong></span> <span class='ocrx_word' id='word_1_107' title='bbox 434 1600 508 1662; x_wconf 79' lang='lat' dir='ltr'><strong>Eteg.</strong></span> <span class='ocrx_word' id='word_1_108' title='bbox 523 1599 802 1648; x_wconf 55' lang='lat' dir='ltr'><strong>restaurassent</strong></span> <span class='ocrx_word' id='word_1_109' title='bbox 814 1599 884 1647; x_wconf 64' lang='lat' dir='ltr'><strong>muer</strong></span> <span class='ocrx_word' id='word_1_110' title='bbox 895 1606 1047 1648; x_wconf 72' lang='lat' dir='ltr'><strong>constanter</strong></span> <span class='ocrx_word' id='word_1_111' title='bbox 1059 1607 1167 1650; x_wconf 86' lang='lat' dir='ltr'><strong>tuentur</strong></span> <span class='ocrx_word' id='word_1_112' title='bbox 1177 1601 1243 1653; x_wconf 82' lang='lat' dir='ltr'><strong>libb.</strong></span> 
     </span>
     <span class='ocr_line' id='line_1_15' title="bbox 140 1661 1242 1719; baseline 0.005 -9"><span class='ocrx_word' id='word_1_113' title='bbox 140 1668 253 1712; x_wconf 75' lang='lat' dir='ltr'><strong>vett-⁷</strong></span> <span class='ocrx_word' id='word_1_114' title='bbox 271 1661 378 1711; x_wconf 86' lang='lat' dir='ltr'><strong>Mediot.</strong></span> <span class='ocrx_word' id='word_1_115' title='bbox 390 1662 495 1711; x_wconf 80' lang='lat' dir='ltr'><strong>exhibet</strong></span> <span class='ocrx_word' id='word_1_116' title='bbox 507 1662 569 1711; x_wconf 84' lang='lat' dir='ltr'><strong>Hoee</strong></span> <span class='ocrx_word' id='word_1_117' title='bbox 583 1661 728 1719; x_wconf 57' lang='lat' dir='ltr'><strong>totietatem</strong></span> <span class='ocrx_word' id='word_1_118' title='bbox 745 1661 772 1710; x_wconf 88' lang='lat' dir='ltr'><strong>in</strong></span> <span class='ocrx_word' id='word_1_119' title='bbox 791 1664 897 1712; x_wconf 85' lang='lat' dir='ltr'><strong>Venett.</strong></span> <span class='ocrx_word' id='word_1_120' title='bbox 918 1665 987 1712; x_wconf 81' lang='lat' dir='ltr'><strong>Brix.</strong></span> <span class='ocrx_word' id='word_1_121' title='bbox 1010 1671 1037 1711; x_wconf 89' lang='lat' dir='ltr'><strong>et</strong></span> <span class='ocrx_word' id='word_1_122' title='bbox 1056 1665 1161 1714; x_wconf 85' lang='lat' dir='ltr'><strong>Vieent.</strong></span> <span class='ocrx_word' id='word_1_123' title='bbox 1179 1664 1242 1715; x_wconf 80' lang='lat' dir='ltr'><strong>Hoee</strong></span> 
     </span>
     <span class='ocr_line' id='line_1_16' title="bbox 140 1725 1242 1791; baseline 0.003 -16"><span class='ocrx_word' id='word_1_124' title='bbox 140 1732 218 1776; x_wconf 76' lang='lat' dir='ltr'><strong>tumen</strong></span> <span class='ocrx_word' id='word_1_125' title='bbox 229 1726 336 1775; x_wconf 80' lang='lat' dir='ltr'><strong>intereo:</strong></span> <span class='ocrx_word' id='word_1_126' title='bbox 354 1725 380 1773; x_wconf 91' lang='lat' dir='ltr'><strong>in</strong></span> <span class='ocrx_word' id='word_1_127' title='bbox 391 1725 494 1775; x_wconf 81' lang='lat' dir='ltr'><strong>Marcii.</strong></span> <span class='ocrx_word' id='word_1_128' title='bbox 509 1725 675 1784; x_wconf 79' lang='lat' dir='ltr'><strong>membranis,</strong></span> <span class='ocrx_word' id='word_1_129' title='bbox 687 1725 757 1772; x_wconf 81' lang='lat' dir='ltr'><strong>Nune</strong></span> <span class='ocrx_word' id='word_1_130' title='bbox 766 1731 842 1772; x_wconf 81' lang='lat' dir='ltr'><strong>tumen</strong></span> <span class='ocrx_word' id='word_1_131' title='bbox 850 1726 941 1774; x_wconf 81' lang='lat' dir='ltr'><strong>intereo</strong></span> <span class='ocrx_word' id='word_1_132' title='bbox 952 1727 1001 1773; x_wconf 82' lang='lat' dir='ltr'><strong>ttoec</strong></span> <span class='ocrx_word' id='word_1_133' title='bbox 1010 1726 1087 1788; x_wconf 81' lang='lat' dir='ltr'><strong>priseo</strong></span> <span class='ocrx_word' id='word_1_134' title='bbox 1103 1731 1133 1775; x_wconf 82' lang='lat' dir='ltr'><strong>tte</strong></span> <span class='ocrx_word' id='word_1_135' title='bbox 1142 1743 1207 1776; x_wconf 80' lang='lat' dir='ltr'><strong>entre</strong></span> <span class='ocrx_word' id='word_1_136' title='bbox 1215 1745 1242 1791; x_wconf 88' lang='lat' dir='ltr'><strong>p.</strong></span> 
     </span>
     <span class='ocr_line' id='line_1_17' title="bbox 140 1787 1241 1854; baseline 0.001 -15"><span class='ocrx_word' id='word_1_137' title='bbox 140 1791 168 1839; x_wconf 73' lang='grc' dir='ltr'><strong>Τ.</strong></span> <span class='ocrx_word' id='word_1_138' title='bbox 179 1796 234 1839; x_wconf 79' lang='lat' dir='ltr'><strong>tutet</strong></span> <span class='ocrx_word' id='word_1_139' title='bbox 242 1790 311 1839; x_wconf 76' lang='lat' dir='ltr'><strong>triete·</strong></span> <span class='ocrx_word' id='word_1_140' title='bbox 321 1791 413 1838; x_wconf 69' lang='lat' dir='ltr'><strong>miseri</strong></span> <span class='ocrx_word' id='word_1_141' title='bbox 420 1791 452 1838; x_wconf 82' lang='lat' dir='ltr'><strong>ott</strong></span> <span class='ocrx_word' id='word_1_142' title='bbox 463 1787 563 1848; x_wconf 64' lang='lat' dir='ltr'><strong>iuterim</strong></span> <span class='ocrx_word' id='word_1_143' title='bbox 573 1788 670 1852; x_wconf 75' lang='lat' dir='ltr'><strong>Accipe,</strong></span> <span class='ocrx_word' id='word_1_144' title='bbox 680 1791 721 1852; x_wconf 60' lang='lat' dir='ltr'><strong>tte.</strong></span> <span class='ocrx_word' id='word_1_145' title='bbox 742 1788 810 1836; x_wconf 88' lang='lat' dir='ltr'><strong>unde</strong></span> <span class='ocrx_word' id='word_1_146' title='bbox 821 1789 886 1852; x_wconf 86' lang='lat' dir='ltr'><strong>conj.</strong></span> <span class='ocrx_word' id='word_1_147' title='bbox 894 1789 957 1837; x_wconf 80' lang='lat' dir='ltr'><strong>Hoee</strong></span> <span class='ocrx_word' id='word_1_148' title='bbox 968 1793 1046 1838; x_wconf 80' lang='lat' dir='ltr'><strong>tames</strong></span> <span class='ocrx_word' id='word_1_149' title='bbox 1053 1790 1153 1852; x_wconf 75' lang='lat' dir='ltr'><strong>intereo,</strong></span> <span class='ocrx_word' id='word_1_150' title='bbox 1160 1793 1241 1854; x_wconf 79' lang='lat' dir='ltr'><strong>prisco</strong></span> 
     </span>
     <span class='ocr_line' id='line_1_18' title="bbox 138 1850 1240 1916; baseline 0.001 -13"><span class='ocrx_word' id='word_1_151' title='bbox 138 1855 168 1903; x_wconf 81' lang='lat' dir='ltr'><strong>tte</strong></span> <span class='ocrx_word' id='word_1_152' title='bbox 178 1869 209 1903; x_wconf 71' lang='lat' dir='ltr'><strong>ete</strong></span> <span class='ocrx_word' id='word_1_153' title='bbox 219 1869 243 1916; x_wconf 87' lang='lat' dir='ltr'><strong>p.</strong></span> <span class='ocrx_word' id='word_1_154' title='bbox 257 1856 285 1903; x_wconf 80' lang='grc' dir='ltr'><strong>Τ.</strong></span> <span class='ocrx_word' id='word_1_155' title='bbox 296 1868 358 1903; x_wconf 77' lang='lat' dir='ltr'><strong>nune</strong></span> <span class='ocrx_word' id='word_1_156' title='bbox 366 1854 448 1902; x_wconf 85' lang='lat' dir='ltr'><strong>trietee</strong></span> <span class='ocrx_word' id='word_1_157' title='bbox 466 1867 563 1902; x_wconf 77' lang='lat' dir='ltr'><strong>munero</strong></span> <span class='ocrx_word' id='word_1_158' title='bbox 573 1854 605 1902; x_wconf 80' lang='lat' dir='ltr'><strong>ott</strong></span> <span class='ocrx_word' id='word_1_159' title='bbox 616 1851 715 1911; x_wconf 80' lang='lat' dir='ltr'><strong>inferior</strong></span> <span class='ocrx_word' id='word_1_160' title='bbox 725 1850 822 1914; x_wconf 75' lang='lat' dir='ltr'><strong>Accipe,</strong></span> <span class='ocrx_word' id='word_1_161' title='bbox 830 1855 870 1912; x_wconf 63' lang='lat' dir='ltr'><strong>te.</strong></span> <span class='ocrx_word' id='word_1_162' title='bbox 888 1866 937 1913; x_wconf 86' lang='lat' dir='ltr'><strong>pro</strong></span> <span class='ocrx_word' id='word_1_163' title='bbox 949 1851 1048 1913; x_wconf 74' lang='lat' dir='ltr'><strong>insertur</strong></span> <span class='ocrx_word' id='word_1_164' title='bbox 1064 1854 1090 1902; x_wconf 92' lang='lat' dir='ltr'><strong>in</strong></span> <span class='ocrx_word' id='word_1_165' title='bbox 1107 1857 1240 1904; x_wconf 87' lang='lat' dir='ltr'><strong>nonnnttie</strong></span> 
     </span>
     <span class='ocr_line' id='line_1_19' title="bbox 140 1913 1241 1982; baseline 0.005 -17"><span class='ocrx_word' id='word_1_166' title='bbox 140 1917 200 1967; x_wconf 85' lang='lat' dir='ltr'><strong>edd.</strong></span> <span class='ocrx_word' id='word_1_167' title='bbox 213 1923 277 1966; x_wconf 82' lang='lat' dir='ltr'><strong>vett.</strong></span> <span class='ocrx_word' id='word_1_168' title='bbox 286 1917 479 1980; x_wconf 71' lang='lat' dir='ltr'><strong>exsequiae—10</strong></span> <span class='ocrx_word' id='word_1_169' title='bbox 496 1917 528 1965; x_wconf 93' lang='lat' dir='ltr'><strong>In</strong></span> <span class='ocrx_word' id='word_1_170' title='bbox 540 1913 796 1978; x_wconf 78' lang='lat' dir='ltr'><strong>Atd.tunt.t}rypt1.</strong></span> <span class='ocrx_word' id='word_1_171' title='bbox 808 1917 876 1965; x_wconf 87' lang='lat' dir='ltr'><strong>Mur.</strong></span> <span class='ocrx_word' id='word_1_172' title='bbox 888 1917 957 1967; x_wconf 80' lang='lat' dir='ltr'><strong>Seni.</strong></span> <span class='ocrx_word' id='word_1_173' title='bbox 967 1918 1130 1979; x_wconf 88' lang='lat' dir='ltr'><strong>Voss.Vulp.</strong></span> <span class='ocrx_word' id='word_1_174' title='bbox 1140 1919 1241 1982; x_wconf 87' lang='lat' dir='ltr'><strong>Delptt.</strong></span> 
     </span>
     <span class='ocr_line' id='line_1_20' title="bbox 140 1979 1242 2046; baseline 0.004 -17"><span class='ocrx_word' id='word_1_175' title='bbox 140 1981 182 2029; x_wconf 85' lang='lat' dir='ltr'><strong>ed.</strong></span> <span class='ocrx_word' id='word_1_176' title='bbox 195 1995 271 2029; x_wconf 83' lang='lat' dir='ltr'><strong>anon.</strong></span> <span class='ocrx_word' id='word_1_177' title='bbox 282 1981 342 2043; x_wconf 85' lang='lat' dir='ltr'><strong>Bip.</strong></span> <span class='ocrx_word' id='word_1_178' title='bbox 352 1981 416 2042; x_wconf 80' lang='lat' dir='ltr'><strong>stite,</strong></span> <span class='ocrx_word' id='word_1_179' title='bbox 425 1994 486 2037; x_wconf 60' lang='lat' dir='ltr'><strong>oon</strong></span> <span class='ocrx_word' id='word_1_180' title='bbox 504 1980 530 2029; x_wconf 89' lang='lat' dir='ltr'><strong>in</strong></span> <span class='ocrx_word' id='word_1_181' title='bbox 541 1980 607 2029; x_wconf 81' lang='lat' dir='ltr'><strong>Stat.</strong></span> <span class='ocrx_word' id='word_1_182' title='bbox 617 1987 644 2027; x_wconf 91' lang='lat' dir='ltr'><strong>et</strong></span> <span class='ocrx_word' id='word_1_183' title='bbox 654 1979 741 2028; x_wconf 78' lang='lat' dir='ltr'><strong>Graev.</strong></span> <span class='ocrx_word' id='word_1_184' title='bbox 749 1979 824 2036; x_wconf 64' lang='lat' dir='ltr'><strong>tom</strong></span> <span class='ocrx_word' id='word_1_185' title='bbox 835 1980 952 2044; x_wconf 73' lang='lat' dir='ltr'><strong>‘antiqui</strong></span> <span class='ocrx_word' id='word_1_186' title='bbox 962 1980 1023 2030; x_wconf 86' lang='lat' dir='ltr'><strong>libri</strong></span> <span class='ocrx_word' id='word_1_187' title='bbox 1034 1987 1061 2032; x_wconf 86' lang='lat' dir='ltr'><strong>et</strong></span> <span class='ocrx_word' id='word_1_188' title='bbox 1073 1981 1176 2046; x_wconf 77' lang='lat' dir='ltr'><strong>lapides</strong></span> <span class='ocrx_word' id='word_1_189' title='bbox 1195 1986 1242 2032; x_wconf 83' lang='lat' dir='ltr'><strong>sis-</strong></span> 
     </span>
     <span class='ocr_line' id='line_1_21' title="bbox 140 2041 869 2107; baseline 0 -15"><span class='ocrx_word' id='word_1_190' title='bbox 140 2050 199 2095; x_wconf 90' lang='lat' dir='ltr'><strong>tunt</strong></span> <span class='ocrx_word' id='word_1_191' title='bbox 209 2042 275 2093; x_wconf 83' lang='lat' dir='ltr'><strong>hone</strong></span> <span class='ocrx_word' id='word_1_192' title='bbox 284 2057 373 2093; x_wconf 86' lang='lat' dir='ltr'><strong>vocem</strong></span> <span class='ocrx_word' id='word_1_193' title='bbox 384 2044 410 2091; x_wconf 91' lang='lat' dir='ltr'><strong>in</strong></span> <span class='ocrx_word' id='word_1_194' title='bbox 420 2043 469 2094; x_wconf 80' lang='lat' dir='ltr'><strong>ttae</strong></span> <span class='ocrx_word' id='word_1_195' title='bbox 480 2041 591 2092; x_wconf 78' lang='lat' dir='ltr'><strong>formula</strong></span> <span class='ocrx_word' id='word_1_196' title='bbox 602 2042 776 2107; x_wconf 58' lang='lat' dir='ltr'><strong>aspirantem?</strong></span> <span class='ocrx_word' id='word_1_197' title='bbox 793 2044 869 2095; x_wconf 80' lang='lat' dir='ltr'><strong>Deer.</strong></span> 
     </span>
    </p>
   </div>
   <div class='ocr_carea' id='block_1_7' title="bbox 635 2206 741 2257">
    <p class='ocr_par' dir='ltr' id='par_1_7' title="bbox 635 2206 741 2257">
     <span class='ocr_line' id='line_1_22' title="bbox 635 2206 741 2257; baseline 0 -2"><span class='ocrx_word' id='word_1_198' title='bbox 635 2206 741 2257; x_wconf 83' lang='lat' dir='ltr'>NOTIE</span> 
     </span>
    </p>
   </div>
   <div class='ocr_carea' id='block_1_8' title="bbox 136 2318 1244 3741">
    <p class='ocr_par' dir='ltr' id='par_1_8' title="bbox 136 2318 1244 3741">
     <span class='ocr_line' id='line_1_23' title="bbox 137 2318 1244 2383; baseline 0.003 -16"><span class='ocrx_word' id='word_1_199' title='bbox 137 2318 281 2368; x_wconf 83' lang='lat' dir='ltr'><strong>locutiones</strong></span> <span class='ocrx_word' id='word_1_200' title='bbox 290 2318 434 2383; x_wconf 87' lang='lat' dir='ltr'><strong>hujusmodi</strong></span> <span class='ocrx_word' id='word_1_201' title='bbox 443 2326 569 2370; x_wconf 83' lang='lat' dir='ltr'><strong>vocentur</strong></span> <span class='ocrx_word' id='word_1_202' title='bbox 578 2319 610 2368; x_wconf 80' lang='lat' dir='ltr'><strong>ab</strong></span> <span class='ocrx_word' id='word_1_203' title='bbox 619 2320 669 2369; x_wconf 85' lang='lat' dir='ltr'><strong>Eu·</strong></span> <span class='ocrx_word' id='word_1_204' title='bbox 710 2318 778 2368; x_wconf 87' lang='lat' dir='ltr'><strong>Hine</strong></span> <span class='ocrx_word' id='word_1_205' title='bbox 796 2325 881 2368; x_wconf 88' lang='lat' dir='ltr'><strong>ortum</strong></span> <span class='ocrx_word' id='word_1_206' title='bbox 901 2326 951 2381; x_wconf 87' lang='lat' dir='ltr'><strong>est,</strong></span> <span class='ocrx_word' id='word_1_207' title='bbox 966 2327 995 2370; x_wconf 91' lang='lat' dir='ltr'><strong>ut</strong></span> <span class='ocrx_word' id='word_1_208' title='bbox 1011 2319 1089 2368; x_wconf 84' lang='lat' dir='ltr'><strong>etism</strong></span> <span class='ocrx_word' id='word_1_209' title='bbox 1109 2320 1244 2372; x_wconf 74' lang='lat' dir='ltr'><strong>maledieti</strong></span> 
     </span>
     <span class='ocr_line' id='line_1_24' title="bbox 139 2393 1242 2459; baseline 0.006 -18"><span class='ocrx_word' id='word_1_210' title='bbox 139 2393 222 2457; x_wconf 88' lang='lat' dir='ltr'><strong>riptde</strong></span> <span class='ocrx_word' id='word_1_211' title='bbox 237 2393 422 2457; x_wconf 61' lang='lat' dir='ltr'><strong>epeeptt&#39;ppaee</strong></span> <span class='ocrx_word' id='word_1_212' title='bbox 441 2396 467 2444; x_wconf 89' lang='lat' dir='ltr'><strong>in</strong></span> <span class='ocrx_word' id='word_1_213' title='bbox 485 2396 577 2446; x_wconf 82' lang='lat' dir='ltr'><strong>Troed.</strong></span> <span class='ocrx_word' id='word_1_214' title='bbox 596 2397 669 2459; x_wconf 82' lang='lat' dir='ltr'><strong>Meg·</strong></span> <span class='ocrx_word' id='word_1_215' title='bbox 709 2394 923 2458; x_wconf 77' lang='lat' dir='ltr'><strong>significationem</strong></span> <span class='ocrx_word' id='word_1_216' title='bbox 944 2396 1071 2446; x_wconf 83' lang='lat' dir='ltr'><strong>interdum</strong></span> <span class='ocrx_word' id='word_1_217' title='bbox 1093 2397 1153 2447; x_wconf 82' lang='lat' dir='ltr'><strong>rste</strong></span> <span class='ocrx_word' id='word_1_218' title='bbox 1176 2399 1242 2448; x_wconf 83' lang='lat' dir='ltr'><strong>obti-</strong></span> 
     </span>
     <span class='ocr_line' id='line_1_25' title="bbox 138 2470 1242 2535; baseline 0.004 -17"><span class='ocrx_word' id='word_1_219' title='bbox 138 2483 199 2518; x_wconf 89' lang='lat' dir='ltr'><strong>nnm</strong></span> <span class='ocrx_word' id='word_1_220' title='bbox 216 2470 284 2518; x_wconf 85' lang='lat' dir='ltr'><strong>enirn</strong></span> <span class='ocrx_word' id='word_1_221' title='bbox 301 2471 370 2534; x_wconf 80' lang='lat' dir='ltr'><strong>apud</strong></span> <span class='ocrx_word' id='word_1_222' title='bbox 381 2472 492 2523; x_wconf 85' lang='lat' dir='ltr'><strong>Veteres</strong></span> <span class='ocrx_word' id='word_1_223' title='bbox 501 2471 620 2520; x_wconf 80' lang='lat' dir='ltr'><strong>solatium</strong></span> <span class='ocrx_word' id='word_1_224' title='bbox 632 2471 669 2519; x_wconf 86' lang='lat' dir='ltr'><strong>vi·</strong></span> <span class='ocrx_word' id='word_1_225' title='bbox 708 2478 779 2533; x_wconf 81' lang='lat' dir='ltr'><strong>nest,</strong></span> <span class='ocrx_word' id='word_1_226' title='bbox 790 2479 818 2520; x_wconf 87' lang='lat' dir='ltr'><strong>nt</strong></span> <span class='ocrx_word' id='word_1_227' title='bbox 827 2472 983 2531; x_wconf 61' lang='lat' dir='ltr'><strong>Terentium</strong></span> <span class='ocrx_word' id='word_1_228' title='bbox 1000 2473 1105 2521; x_wconf 80' lang='lat' dir='ltr'><strong>veleem</strong></span> <span class='ocrx_word' id='word_1_229' title='bbox 1115 2472 1160 2535; x_wconf 77' lang='lat' dir='ltr'><strong>qni</strong></span> <span class='ocrx_word' id='word_1_230' title='bbox 1171 2472 1242 2522; x_wconf 89' lang='lat' dir='ltr'><strong>inter</strong></span> 
     </span>
     <span class='ocr_line' id='line_1_26' title="bbox 137 2543 1243 2611; baseline 0.006 -19"><span class='ocrx_word' id='word_1_231' title='bbox 137 2543 248 2594; x_wconf 79' lang='lat' dir='ltr'><strong>debetur</strong></span> <span class='ocrx_word' id='word_1_232' title='bbox 258 2546 390 2609; x_wconf 77' lang='lat' dir='ltr'><strong>appellare</strong></span> <span class='ocrx_word' id='word_1_233' title='bbox 399 2547 494 2611; x_wconf 77' lang='lat' dir='ltr'><strong>saepius</strong></span> <span class='ocrx_word' id='word_1_234' title='bbox 503 2545 606 2595; x_wconf 83' lang='lat' dir='ltr'><strong>nomine</strong></span> <span class='ocrx_word' id='word_1_235' title='bbox 616 2560 669 2596; x_wconf 91' lang='lat' dir='ltr'><strong>non</strong></span> <span class='ocrx_word' id='word_1_236' title='bbox 708 2560 754 2596; x_wconf 87' lang='lat' dir='ltr'><strong>nos</strong></span> <span class='ocrx_word' id='word_1_237' title='bbox 774 2546 906 2596; x_wconf 80' lang='lat' dir='ltr'><strong>dissidium</strong></span> <span class='ocrx_word' id='word_1_238' title='bbox 918 2548 1025 2606; x_wconf 81' lang='lat' dir='ltr'><strong>votunt3</strong></span> <span class='ocrx_word' id='word_1_239' title='bbox 1046 2548 1095 2602; x_wconf 85' lang='lat' dir='ltr'><strong>hoe</strong></span> <span class='ocrx_word' id='word_1_240' title='bbox 1106 2552 1160 2610; x_wconf 84' lang='lat' dir='ltr'><strong>est,</strong></span> <span class='ocrx_word' id='word_1_241' title='bbox 1169 2549 1208 2598; x_wconf 83' lang='lat' dir='ltr'><strong>its</strong></span> <span class='ocrx_word' id='word_1_242' title='bbox 1225 2563 1243 2599; x_wconf 87' lang='lat' dir='ltr'><strong>tt</strong></span> 
     </span>
     <span class='ocr_line' id='line_1_27' title="bbox 137 2618 1243 2684; baseline 0.004 -16"><span class='ocrx_word' id='word_1_243' title='bbox 137 2618 301 2683; x_wconf 77' lang='lat' dir='ltr'><strong>responsuro.</strong></span> <span class='ocrx_word' id='word_1_244' title='bbox 333 2622 432 2670; x_wconf 83' lang='lat' dir='ltr'><strong>Tibnlt.</strong></span> <span class='ocrx_word' id='word_1_245' title='bbox 450 2621 537 2671; x_wconf 70' lang='lat' dir='ltr'><strong>trun.</strong></span> <span class='ocrx_word' id='word_1_246' title='bbox 556 2622 666 2684; x_wconf 55' lang='lat' dir='ltr'><strong>Elem.</strong></span> <span class='ocrx_word' id='word_1_247' title='bbox 707 2621 967 2683; x_wconf 82' lang='lat' dir='ltr'><strong>nobietecedent,ut</strong></span> <span class='ocrx_word' id='word_1_248' title='bbox 986 2622 1166 2684; x_wconf 73' lang='lat' dir='ltr'><strong>nunqnamed</strong></span> <span class='ocrx_word' id='word_1_249' title='bbox 1185 2637 1243 2672; x_wconf 88' lang='lat' dir='ltr'><strong>nos·</strong></span> 
     </span>
     <span class='ocr_line' id='line_1_28' title="bbox 137 2694 1242 2762; baseline 0.005 -20"><span class='ocrx_word' id='word_1_250' title='bbox 137 2694 273 2742; x_wconf 81' lang='lat' dir='ltr'><strong>‘Ittiussd</strong></span> <span class='ocrx_word' id='word_1_251' title='bbox 286 2697 410 2743; x_wconf 87' lang='lat' dir='ltr'><strong>tumulum</strong></span> <span class='ocrx_word' id='word_1_252' title='bbox 423 2694 527 2756; x_wconf 80' lang='lat' dir='ltr'><strong>fugiam,</strong></span> <span class='ocrx_word' id='word_1_253' title='bbox 546 2696 667 2758; x_wconf 84' lang='lat' dir='ltr'><strong>supplex·</strong></span> <span class='ocrx_word' id='word_1_254' title='bbox 708 2700 775 2743; x_wconf 83' lang='lat' dir='ltr'><strong>trum</strong></span> <span class='ocrx_word' id='word_1_255' title='bbox 795 2700 962 2744; x_wconf 79' lang='lat' dir='ltr'><strong>revertantur</strong></span> <span class='ocrx_word' id='word_1_256' title='bbox 983 2702 1127 2759; x_wconf 79' lang='lat' dir='ltr'><strong>aspectum.</strong></span> <span class='ocrx_word' id='word_1_257' title='bbox 1171 2698 1242 2762; x_wconf 72' lang='lat' dir='ltr'><strong>Ergo</strong></span> 
     </span>
     <span class='ocr_line' id='line_1_29' title="bbox 137 2768 1242 2838; baseline 0.006 -21"><span class='ocrx_word' id='word_1_258' title='bbox 137 2783 188 2833; x_wconf 85' lang='lat' dir='ltr'><strong>qne</strong></span> <span class='ocrx_word' id='word_1_259' title='bbox 199 2768 302 2829; x_wconf 82' lang='lat' dir='ltr'><strong>sedebo,</strong></span> <span class='ocrx_word' id='word_1_260' title='bbox 319 2771 354 2817; x_wconf 84' lang='lat' dir='ltr'><strong>Et</strong></span> <span class='ocrx_word' id='word_1_261' title='bbox 369 2782 427 2817; x_wconf 85' lang='lat' dir='ltr'><strong>meu</strong></span> <span class='ocrx_word' id='word_1_262' title='bbox 446 2781 505 2819; x_wconf 85' lang='lat' dir='ltr'><strong>eum</strong></span> <span class='ocrx_word' id='word_1_263' title='bbox 522 2778 595 2819; x_wconf 90' lang='lat' dir='ltr'><strong>muto</strong></span> <span class='ocrx_word' id='word_1_264' title='bbox 611 2769 667 2820; x_wconf 79' lang='lat' dir='ltr'><strong>fate</strong></span> <span class='ocrx_word' id='word_1_265' title='bbox 707 2783 765 2818; x_wconf 84' lang='lat' dir='ltr'><strong>oum</strong></span> <span class='ocrx_word' id='word_1_266' title='bbox 775 2771 944 2819; x_wconf 82' lang='lat' dir='ltr'><strong>mortuovole</strong></span> <span class='ocrx_word' id='word_1_267' title='bbox 956 2769 1123 2833; x_wconf 79' lang='lat' dir='ltr'><strong>diritut‚tton</strong></span> <span class='ocrx_word' id='word_1_268' title='bbox 1141 2783 1242 2838; x_wconf 78' lang='lat' dir='ltr'><strong>etymo·</strong></span> 
     </span>
     <span class='ocr_line' id='line_1_30' title="bbox 138 2843 1240 2906; baseline 0.009 -16"><span class='ocrx_word' id='word_1_269' title='bbox 138 2843 346 2906; x_wconf 69' lang='lat' dir='ltr'><strong>querercinere!</strong></span> <span class='ocrx_word' id='word_1_270' title='bbox 707 2844 776 2906; x_wconf 78' lang='lat' dir='ltr'><strong>logia</strong></span> <span class='ocrx_word' id='word_1_271' title='bbox 793 2845 980 2894; x_wconf 81' lang='lat' dir='ltr'><strong>considerando</strong></span> <span class='ocrx_word' id='word_1_272' title='bbox 997 2853 1047 2906; x_wconf 85' lang='lat' dir='ltr'><strong>est,</strong></span> <span class='ocrx_word' id='word_1_273' title='bbox 1064 2847 1112 2895; x_wconf 80' lang='lat' dir='ltr'><strong>sed</strong></span> <span class='ocrx_word' id='word_1_274' title='bbox 1131 2863 1240 2900; x_wconf 84' lang='lat' dir='ltr'><strong>conene-</strong></span> 
     </span>
     <span class='ocr_line' id='line_1_31' title="bbox 172 2917 1242 2985; baseline 0.008 -19"><span class='ocrx_word' id='word_1_275' title='bbox 172 2922 202 2966; x_wconf 89' lang='lat' dir='ltr'><strong>to</strong></span> <span class='ocrx_word' id='word_1_276' title='bbox 218 2917 270 2966; x_wconf 81' lang='lat' dir='ltr'><strong>Aee</strong></span> <span class='ocrx_word' id='word_1_277' title='bbox 287 2923 357 2980; x_wconf 75' lang='lat' dir='ltr'><strong>atque</strong></span> <span class='ocrx_word' id='word_1_278' title='bbox 373 2919 435 2981; x_wconf 81' lang='lat' dir='ltr'><strong>oete]</strong></span> <span class='ocrx_word' id='word_1_279' title='bbox 466 2918 578 2968; x_wconf 84' lang='lat' dir='ltr'><strong>Mortuis</strong></span> <span class='ocrx_word' id='word_1_280' title='bbox 589 2919 616 2967; x_wconf 92' lang='lat' dir='ltr'><strong>in</strong></span> <span class='ocrx_word' id='word_1_281' title='bbox 627 2925 667 2969; x_wconf 88' lang='lat' dir='ltr'><strong>tn·</strong></span> <span class='ocrx_word' id='word_1_282' title='bbox 708 2919 856 2983; x_wconf 81' lang='lat' dir='ltr'><strong>todo,quod</strong></span> <span class='ocrx_word' id='word_1_283' title='bbox 868 2921 943 2969; x_wconf 83' lang='lat' dir='ltr'><strong>nuliis</strong></span> <span class='ocrx_word' id='word_1_284' title='bbox 957 2921 1013 2969; x_wconf 81' lang='lat' dir='ltr'><strong>rste</strong></span> <span class='ocrx_word' id='word_1_285' title='bbox 1026 2921 1146 2985; x_wconf 84' lang='lat' dir='ltr'><strong>dicimus,</strong></span> <span class='ocrx_word' id='word_1_286' title='bbox 1163 2925 1213 2974; x_wconf 84' lang='lat' dir='ltr'><strong>nisi</strong></span> <span class='ocrx_word' id='word_1_287' title='bbox 1225 2942 1242 2974; x_wconf 80' lang='lat' dir='ltr'><strong>e</strong></span> 
     </span>
     <span class='ocr_line' id='line_1_32' title="bbox 137 2992 1241 3056; baseline 0.008 -15"><span class='ocrx_word' id='word_1_288' title='bbox 137 2992 206 3042; x_wconf 85' lang='lat' dir='ltr'><strong>muto</strong></span> <span class='ocrx_word' id='word_1_289' title='bbox 217 2993 491 3056; x_wconf 81' lang='lat' dir='ltr'><strong>compositis‚Veteres</strong></span> <span class='ocrx_word' id='word_1_290' title='bbox 502 2993 621 3043; x_wconf 81' lang='lat' dir='ltr'><strong>solebant</strong></span> <span class='ocrx_word' id='word_1_291' title='bbox 630 2995 667 3042; x_wconf 87' lang='lat' dir='ltr'><strong>in·</strong></span> <span class='ocrx_word' id='word_1_292' title='bbox 707 2994 800 3056; x_wconf 86' lang='lat' dir='ltr'><strong>quibus</strong></span> <span class='ocrx_word' id='word_1_293' title='bbox 813 2995 973 3044; x_wconf 70' lang='lat' dir='ltr'><strong>recedimus!</strong></span> <span class='ocrx_word' id='word_1_294' title='bbox 1011 2996 1136 3047; x_wconf 76' lang='lat' dir='ltr'><strong>sotebant</strong></span> <span class='ocrx_word' id='word_1_295' title='bbox 1151 3006 1241 3050; x_wconf 79' lang='lat' dir='ltr'><strong>sutem</strong></span> 
     </span>
     <span class='ocr_line' id='line_1_33' title="bbox 138 3067 1241 3140; baseline 0.006 -22"><span class='ocrx_word' id='word_1_296' title='bbox 138 3069 258 3132; x_wconf 79' lang='lat' dir='ltr'><strong>etentere,</strong></span> <span class='ocrx_word' id='word_1_297' title='bbox 280 3067 383 3132; x_wconf 56' lang='lat' dir='ltr'><strong>‘Salve</strong></span> <span class='ocrx_word' id='word_1_298' title='bbox 405 3073 433 3118; x_wconf 89' lang='lat' dir='ltr'><strong>et</strong></span> <span class='ocrx_word' id='word_1_299' title='bbox 449 3067 533 3130; x_wconf 76' lang='lat' dir='ltr'><strong>vete3&#39;</strong></span> <span class='ocrx_word' id='word_1_300' title='bbox 558 3069 598 3117; x_wconf 80' lang='lat' dir='ltr'><strong>set</strong></span> <span class='ocrx_word' id='word_1_301' title='bbox 620 3069 667 3118; x_wconf 89' lang='lat' dir='ltr'><strong>eti·</strong></span> <span class='ocrx_word' id='word_1_302' title='bbox 707 3067 741 3116; x_wconf 78' lang='lat' dir='ltr'><strong>ted</strong></span> <span class='ocrx_word' id='word_1_303' title='bbox 768 3075 925 3132; x_wconf 87' lang='lat' dir='ltr'><strong>postremum</strong></span> <span class='ocrx_word' id='word_1_304' title='bbox 956 3070 1059 3132; x_wconf 57' lang='lat' dir='ltr'><strong>‘vates</strong></span> <span class='ocrx_word' id='word_1_305' title='bbox 1088 3073 1241 3140; x_wconf 84' lang='lat' dir='ltr'><strong>pierumque</strong></span> 
     </span>
     <span class='ocr_line' id='line_1_34' title="bbox 138 3140 1241 3209; baseline 0.007 -18"><span class='ocrx_word' id='word_1_306' title='bbox 138 3157 178 3192; x_wconf 83' lang='lat' dir='ltr'><strong>tm</strong></span> <span class='ocrx_word' id='word_1_307' title='bbox 190 3142 252 3191; x_wconf 85' lang='lat' dir='ltr'><strong>iliud</strong></span> <span class='ocrx_word' id='word_1_308' title='bbox 269 3140 359 3192; x_wconf 81' lang='lat' dir='ltr'><strong>‘veie&#39;</strong></span> <span class='ocrx_word' id='word_1_309' title='bbox 377 3148 418 3192; x_wconf 89' lang='lat' dir='ltr'><strong>ter</strong></span> <span class='ocrx_word' id='word_1_310' title='bbox 429 3150 558 3206; x_wconf 83' lang='lat' dir='ltr'><strong>repetere.</strong></span> <span class='ocrx_word' id='word_1_311' title='bbox 591 3141 666 3207; x_wconf 79' lang='lat' dir='ltr'><strong>Virg.</strong></span> <span class='ocrx_word' id='word_1_312' title='bbox 707 3144 864 3209; x_wconf 78' lang='lat' dir='ltr'><strong>subjungere</strong></span> <span class='ocrx_word' id='word_1_313' title='bbox 879 3146 936 3195; x_wconf 83' lang='lat' dir='ltr'><strong>haeo</strong></span> <span class='ocrx_word' id='word_1_314' title='bbox 949 3146 1046 3196; x_wconf 80' lang='lat' dir='ltr'><strong>rerba:</strong></span> <span class='ocrx_word' id='word_1_315' title='bbox 1072 3159 1123 3196; x_wconf 80' lang='lat' dir='ltr'><strong>reos</strong></span> <span class='ocrx_word' id='word_1_316' title='bbox 1138 3144 1175 3198; x_wconf 74' lang='grc' dir='ltr'><strong><em>τέ</em></strong></span> <span class='ocrx_word' id='word_1_317' title='bbox 1191 3162 1241 3199; x_wconf 81' lang='lat' dir='ltr'><strong>ott·</strong></span> 
     </span>
     <span class='ocr_line' id='line_1_35' title="bbox 138 3216 1242 3289; baseline 0.007 -23"><span class='ocrx_word' id='word_1_318' title='bbox 138 3217 195 3282; x_wconf 83' lang='lat' dir='ltr'><strong>AEn.</strong></span> <span class='ocrx_word' id='word_1_319' title='bbox 214 3230 253 3268; x_wconf 86' lang='lat' dir='ltr'><strong>xr.</strong></span> <span class='ocrx_word' id='word_1_320' title='bbox 268 3216 362 3266; x_wconf 80' lang='lat' dir='ltr'><strong>‘Solve</strong></span> <span class='ocrx_word' id='word_1_321' title='bbox 379 3222 503 3269; x_wconf 72' lang='lat' dir='ltr'><strong>eternum</strong></span> <span class='ocrx_word' id='word_1_322' title='bbox 520 3218 580 3268; x_wconf 88' lang='lat' dir='ltr'><strong>mihi</strong></span> <span class='ocrx_word' id='word_1_323' title='bbox 598 3233 667 3268; x_wconf 80' lang='lat' dir='ltr'><strong>mnx-</strong></span> <span class='ocrx_word' id='word_1_324' title='bbox 707 3232 784 3281; x_wconf 79' lang='lat' dir='ltr'><strong>orne,</strong></span> <span class='ocrx_word' id='word_1_325' title='bbox 800 3233 856 3273; x_wconf 80' lang='lat' dir='ltr'><strong>ouo</strong></span> <span class='ocrx_word' id='word_1_326' title='bbox 873 3233 987 3270; x_wconf 71' lang='lat' dir='ltr'><strong>uerunt</strong></span> <span class='ocrx_word' id='word_1_327' title='bbox 1002 3234 1181 3289; x_wconf 70' lang='lat' dir='ltr'><strong>renuissem,</strong></span> <span class='ocrx_word' id='word_1_328' title='bbox 1199 3238 1242 3274; x_wconf 81' lang='lat' dir='ltr'><strong>sn·</strong></span> 
     </span>
     <span class='ocr_line' id='line_1_36' title="bbox 136 3292 1165 3360; baseline 0.004 -16"><span class='ocrx_word' id='word_1_329' title='bbox 136 3294 189 3345; x_wconf 88' lang='lat' dir='ltr'><strong>ime</strong></span> <span class='ocrx_word' id='word_1_330' title='bbox 206 3294 289 3352; x_wconf 81' lang='lat' dir='ltr'><strong>Pollu,</strong></span> <span class='ocrx_word' id='word_1_331' title='bbox 306 3292 492 3359; x_wconf 86' lang='lat' dir='ltr'><strong>AEtemumque</strong></span> <span class='ocrx_word' id='word_1_332' title='bbox 514 3294 591 3344; x_wconf 66' lang='lat' dir='ltr'><strong>vete!</strong></span> <span class='ocrx_word' id='word_1_333' title='bbox 634 3296 667 3344; x_wconf 93' lang='lat' dir='ltr'><strong>In</strong></span> <span class='ocrx_word' id='word_1_334' title='bbox 707 3305 835 3346; x_wconf 76' lang='lat' dir='ltr'><strong>oustturt.</strong></span> <span class='ocrx_word' id='word_1_335' title='bbox 867 3293 1165 3360; x_wconf 36' lang='lat' dir='ltr'><strong>Itasetnstlnscriptio:</strong></span> 
     </span>
     <span class='ocr_line' id='line_1_37' title="bbox 137 3368 1241 3434; baseline 0.006 -15"><span class='ocrx_word' id='word_1_336' title='bbox 137 3384 213 3434; x_wconf 81' lang='lat' dir='ltr'><strong>quem</strong></span> <span class='ocrx_word' id='word_1_337' title='bbox 224 3370 308 3419; x_wconf 79' lang='lat' dir='ltr'><strong>locum</strong></span> <span class='ocrx_word' id='word_1_338' title='bbox 323 3368 428 3419; x_wconf 84' lang='lat' dir='ltr'><strong>Servius</strong></span> <span class='ocrx_word' id='word_1_339' title='bbox 446 3369 499 3420; x_wconf 82' lang='lat' dir='ltr'><strong>eit:</strong></span> <span class='ocrx_word' id='word_1_340' title='bbox 521 3371 624 3420; x_wconf 76' lang='lat' dir='ltr'><strong>‘Varro</strong></span> <span class='ocrx_word' id='word_1_341' title='bbox 640 3370 666 3419; x_wconf 84' lang='lat' dir='ltr'><strong>in</strong></span> <span class='ocrx_word' id='word_1_342' title='bbox 706 3381 789 3418; x_wconf 71' lang='lat' dir='ltr'><strong>vene„</strong></span> <span class='ocrx_word' id='word_1_343' title='bbox 806 3383 848 3418; x_wconf 77' lang='lat' dir='ltr'><strong>nu.</strong></span> <span class='ocrx_word' id='word_1_344' title='bbox 866 3382 959 3419; x_wconf 76' lang='lat' dir='ltr'><strong>sture.</strong></span> <span class='ocrx_word' id='word_1_345' title='bbox 974 3382 1077 3420; x_wconf 69' lang='lat' dir='ltr'><strong>turni.</strong></span> <span class='ocrx_word' id='word_1_346' title='bbox 1093 3385 1121 3421; x_wconf 90' lang='grc' dir='ltr'><strong>ο.</strong></span> <span class='ocrx_word' id='word_1_347' title='bbox 1138 3385 1241 3426; x_wconf 71' lang='lat' dir='ltr'><strong>onem.</strong></span> 
     </span>
     <span class='ocr_line' id='line_1_38' title="bbox 137 3442 1215 3506; baseline 0.002 -13"><span class='ocrx_word' id='word_1_348' title='bbox 137 3444 209 3494; x_wconf 84' lang='lat' dir='ltr'><strong>libris</strong></span> <span class='ocrx_word' id='word_1_349' title='bbox 219 3443 384 3506; x_wconf 80' lang='lat' dir='ltr'><strong>Logistorieis</strong></span> <span class='ocrx_word' id='word_1_350' title='bbox 398 3442 472 3506; x_wconf 88' lang='lat' dir='ltr'><strong>dicit,</strong></span> <span class='ocrx_word' id='word_1_351' title='bbox 490 3444 548 3493; x_wconf 88' lang='lat' dir='ltr'><strong>ideo</strong></span> <span class='ocrx_word' id='word_1_352' title='bbox 559 3445 666 3494; x_wconf 79' lang='lat' dir='ltr'><strong>mortuis</strong></span> <span class='ocrx_word' id='word_1_353' title='bbox 733 3458 857 3495; x_wconf 75' lang='lat' dir='ltr'><strong>numeres.</strong></span> <span class='ocrx_word' id='word_1_354' title='bbox 875 3458 935 3494; x_wconf 81' lang='lat' dir='ltr'><strong>nos.</strong></span> <span class='ocrx_word' id='word_1_355' title='bbox 952 3459 996 3495; x_wconf 82' lang='lat' dir='ltr'><strong>uo.</strong></span> <span class='ocrx_word' id='word_1_356' title='bbox 1012 3459 1131 3496; x_wconf 83' lang='lat' dir='ltr'><strong>ottorrtn.</strong></span> <span class='ocrx_word' id='word_1_357' title='bbox 1147 3461 1215 3502; x_wconf 74' lang='lat' dir='ltr'><strong>ouo.</strong></span> 
     </span>
     <span class='ocr_line' id='line_1_39' title="bbox 138 3517 1241 3583; baseline 0.012 -16"><span class='ocrx_word' id='word_1_358' title='bbox 138 3520 208 3567; x_wconf 79' lang='lat' dir='ltr'><strong>tetre</strong></span> <span class='ocrx_word' id='word_1_359' title='bbox 219 3524 247 3566; x_wconf 90' lang='lat' dir='ltr'><strong>et</strong></span> <span class='ocrx_word' id='word_1_360' title='bbox 258 3519 315 3566; x_wconf 84' lang='lat' dir='ltr'><strong>vute</strong></span> <span class='ocrx_word' id='word_1_361' title='bbox 332 3517 392 3579; x_wconf 87' lang='lat' dir='ltr'><strong>dici,</strong></span> <span class='ocrx_word' id='word_1_362' title='bbox 409 3532 460 3568; x_wconf 91' lang='lat' dir='ltr'><strong>non</strong></span> <span class='ocrx_word' id='word_1_363' title='bbox 478 3519 546 3583; x_wconf 90' lang='lat' dir='ltr'><strong>quod</strong></span> <span class='ocrx_word' id='word_1_364' title='bbox 563 3525 608 3568; x_wconf 84' lang='lat' dir='ltr'><strong>aut</strong></span> <span class='ocrx_word' id='word_1_365' title='bbox 624 3535 666 3568; x_wconf 83' lang='lat' dir='ltr'><strong>vo·</strong></span> <span class='ocrx_word' id='word_1_366' title='bbox 707 3533 827 3572; x_wconf 69' lang='lat' dir='ltr'><strong>unwan.</strong></span> <span class='ocrx_word' id='word_1_367' title='bbox 839 3535 1016 3572; x_wconf 70' lang='lat' dir='ltr'><strong>resultem.</strong></span> <span class='ocrx_word' id='word_1_368' title='bbox 1028 3534 1072 3573; x_wconf 75' lang='lat' dir='ltr'><strong>Tu.</strong></span> <span class='ocrx_word' id='word_1_369' title='bbox 1083 3537 1241 3580; x_wconf 68' lang='lat' dir='ltr'><strong>emuniuit.</strong></span> 
     </span>
     <span class='ocr_line' id='line_1_40' title="bbox 137 3582 1165 3657; baseline 0.009 -14"><span class='ocrx_word' id='word_1_370' title='bbox 137 3595 256 3654; x_wconf 82' lang='lat' dir='ltr'><strong>lere,eut</strong></span> <span class='ocrx_word' id='word_1_371' title='bbox 267 3592 331 3640; x_wconf 82' lang='lat' dir='ltr'><strong>salvi</strong></span> <span class='ocrx_word' id='word_1_372' title='bbox 342 3606 399 3641; x_wconf 85' lang='lat' dir='ltr'><strong>esee</strong></span> <span class='ocrx_word' id='word_1_373' title='bbox 416 3594 525 3656; x_wconf 78' lang='lat' dir='ltr'><strong>possint,</strong></span> <span class='ocrx_word' id='word_1_374' title='bbox 535 3594 580 3642; x_wconf 87' lang='lat' dir='ltr'><strong>sed</strong></span> <span class='ocrx_word' id='word_1_375' title='bbox 599 3582 665 3656; x_wconf 74' lang='lat' dir='ltr'><strong>qttt&#39;td</strong></span> <span class='ocrx_word' id='word_1_376' title='bbox 778 3609 856 3647; x_wconf 77' lang='lat' dir='ltr'><strong>vene.</strong></span> <span class='ocrx_word' id='word_1_377' title='bbox 873 3602 974 3657; x_wconf 73' lang='lat' dir='ltr'><strong>return.</strong></span> <span class='ocrx_word' id='word_1_378' title='bbox 993 3600 1165 3654; x_wconf 65' lang='lat' dir='ltr'><strong>numesius.</strong></span> 
     </span>
     <span class='ocr_line' id='line_1_41' title="bbox 139 3666 753 3741; baseline 0.003 -25"><span class='ocrx_word' id='word_1_379' title='bbox 139 3667 171 3724; x_wconf 70' lang='lat' dir='ltr'><strong>eb</strong></span> <span class='ocrx_word' id='word_1_380' title='bbox 186 3666 225 3719; x_wconf 85' lang='lat' dir='ltr'><strong>his</strong></span> <span class='ocrx_word' id='word_1_381' title='bbox 236 3666 379 3722; x_wconf 79' lang='lat' dir='ltr'><strong>recedimus</strong></span> <span class='ocrx_word' id='word_1_382' title='bbox 390 3681 434 3716; x_wconf 86' lang='lat' dir='ltr'><strong>eos</strong></span> <span class='ocrx_word' id='word_1_383' title='bbox 444 3683 568 3741; x_wconf 69' lang='lat' dir='ltr'><strong>nusquam</strong></span> <span class='ocrx_word' id='word_1_384' title='bbox 580 3669 666 3723; x_wconf 76' lang='lat' dir='ltr'><strong>rituti.</strong></span> <span class='ocrx_word' id='word_1_385' title='bbox 750 3712 753 3718; x_wconf 92' lang='lat'>.</span> 
     </span>
    </p>
   </div>
   <div class='ocr_carea' id='block_1_9' title="bbox 0 0 1392 4702">
    <p class='ocr_par' dir='ltr' id='par_1_9' title="bbox 0 0 1392 4702">
     <span class='ocr_line' id='line_1_42' title="bbox 0 0 1392 4702; baseline 0 1"><span class='ocrx_word' id='word_1_386' title='bbox 0 0 1392 4702; x_wconf 95' lang='lat' dir='ltr'><strong> </strong></span> 
     </span>
    </p>
   </div>
  </div>
 </body>
</html>
