2774 4702
135 294 201 359 284
483 308 513 353 o.
538 303 694 353 vanarn
720 301 885 351 curuum

223 447 351 512 Nescio
364 446 444 529 quid
457 453 544 508 certe
558 453 622 508 est.
663 443 719 508 An
731 461 805 507 vore
819 441 909 506 fama
924 448 1086 519 susurrat,
1213 447 1234 507 5

264 545 413 612 Grandia
426 554 461 610 te
474 545 576 610 modii
591 553 684 610 tenta
697 563 818 610 rorare
831 543 920 608 viril

221 647 278 710 Sic
293 654 380 710 certe
396 646 540 720 clamant
556 645 708 710 Virronis
722 652 823 729 rupta
838 643 959 707 miselli

267 747 344 823 Ilia,
359 754 394 810 et
408 746 533 810 emulso
549 747 643 810 labra
656 755 775 812 notata
790 765 875 810 sero.

136 896 249 945 excitate
264 906 341 942 eorm
349 889 461 954 placido?
477 891 562 941 Nesco
572 891 677 957 profecto
687 891 795 956 quidhoc
805 895 850 955 eet,
860 894 884 941 et
894 894 975 940 atram
981 890 1134 951 ventosam
1144 891 1237 944 odacarb

137 959 361 1020 mammeqaatar:
393 955 408 983 '¹
441 957 456 984 ⁴
489 954 505 982 '⁵
583 957 586 961 ’

598 1049 779 1071 mm

137 1131 253 1181 omnibus
263 1130 372 1180 edd—5
390 1130 421 1179 111
438 1129 496 1179 cod.
517 1129 620 1180 Passer.
637 1144 708 1188 verm·
728 1130 798 1180 unde
809 1129 876 1192 conj.
892 1134 1022 1180 cerm-6
1039 1129 1070 1178 ln
1081 1129 1237 1195 quibusdam

137 1195 213 1244 codd.
224 1196 364 1243 theream-⁷
380 1195 413 1242 Iu
432 1194 498 1243 scal
519 1193 578 1242 cod.
599 1194 648 1242 Sed
665 1199 730 1242 certe
747 1196 850 1243 clumam
858 1211 869 1252 ‚·
891 1193 959 1242 unde
970 1191 1035 1243 fecit
1045 1193 1180 1244 Siccertc:
1190 1197 1238 1245 cla-

136 1263 219 1315 manu
235 1258 304 1320 quod
325 1263 497 1320 reposuerunt
507 1258 583 1307 Vota.
594 1258 673 1320 Vulp.
692 1257 742 1307 Ed.
761 1273 836 1308 anon.
853 1257 926 1307 Gott.
937 1263 966 1306 et
976 1258 1037 1322 Bip.
1050 1258 1118 1321 quod
1138 1272 1173 1308 ue
1191 1274 1238 1308 noo

137 1322 215 1370 etiam
232 1320 359 1382 dedimus,
376 1320 478 1369 sublata
499 1326 600 1371 tantum
618 1320 846 1384 interpunctione:
868 1321 911 1370 Sic
921 1326 984 1370 certe
999 1325 1036 1371 eet
1047 1319 1074 1369 in
1085 1321 1119 1370 ΑΙ
1139 1323 1238 1374 ..lunt

138 1385 236 1447 Gryph.
256 1385 325 1434 Mor.
346 1390 374 1433 ct
389 1385 458 1434 Stat.
484 1383 515 1433 at
529 1389 593 1434 mre
606 1390 642 1433 cet
658 1384 685 1433 ia
701 1384 760 1434 edd.
773 1385 865 1434 Parth.
877 1385 1003 1434 arom.
1028 1398 1076 1448 pro
1090 1385 1238 1435 Vtmraiaia

135 1448 224 1497 multis
235 1448 295 1497 edd.
313 1448 423 1510 Victoria,
440 1450 467 1498 in
486 1448 615 1498 nonnullis
629 1449 748 1512 nmero,
765 1449 928 1512 improbante
938 1449 1008 1497 Mur.
1040 1448 1239 1513 Vmoaienpta

142 1512 224 1562 Vitelli
235 1526 267 1562 ex
278 1512 382 1575 ingenio
393 1512 467 1561 dedit
478 1513 593 1562 scal—8
610 1511 642 1560 In
653 1513 721 1562 scat.
733 1513 808 1562 codd.
822 1513 867 1560 ille
877 1517 902 1562 te
909 1513 992 1572 malco,
1002 1512 1044 1560 vel
1055 1512 1102 1560 llla
1112 1517 1136 1562 te
1146 1515 1239 1570 malm

136 1574 232 1625 Arana
242 1576 294 1638 legi
301 1575 389 1639 jussit,
409 1577 459 1625 Illa
468 1581 493 1625 te
501 1578 574 1626 malco
585 1575 652 1625 loica
661 1581 757 1625 actore:
773 1576 1042 1625 inVenet.an.160⁰.
1060 1574 1121 1625 Ald.
1134 1576 1237 1689 Gzph.
1253 1617 1257 1622 ,

137 1640 206 1688 Mur.
218 1639 284 1700 aliia,
296 1640 473 1698 lttoderaalaor
492 1639 704 1701 Valeriano,aive
721 1639 822 1689 Fadrno
837 1639 948 1688 debetur
967 1640 1029 1690 lect.
1050 1645 1157 1700 nostra;
1194 1640 1237 1690 inc

137 1703 203 1754 Stat.
214 1703 353 1767 legendum
361 1705 472 1768 putavit,
484 1705 574 1767 ltiapac
583 1709 607 1753 et
615 1704 699 1766 malac,
709 1704 750 1752 vel
764 1704 856 1767 Ilioque
864 1709 888 1753 et
898 1705 982 1752 caalto.

632 1829 738 1880 NOTAE

168 1947 185 1990 6
212 1941 398 2004 Teutonorum]
429 1942 522 1992 Virilia
542 1942 665 1994 membra.
741 1943 860 2008 Virrona'r]
889 1944 992 1996 Victoris
1000 1943 1045 1994 alii
1054 1944 1239 2008 legunt:quo·.

137 2017 230 2066 Horat.
246 2017 399 2081 ‘Tentaque
410 2017 524 2081 rumpit!
556 2019 591 2067 Et
599 2017 665 2066 Dio·
705 2019 943 2085 modmnmquecit,
950 2026 1093 2070 eatnomcn
1103 2020 1239 2085 proprium

137 2090 225 2139 medea
237 2091 425 2141 Grammaticus
443 2093 480 2140 sic
499 2092 594 2156 iuquit,
609 2093 618 2120 ‘
631 2094 666 2143 Et
705 2093 755 2142 riri
765 2094 842 2158 illiua,
858 2095 932 2158 anua
945 2095 1045 2144 Gellius
1055 2094 1161 2145 fellator
1172 2102 1239 2146 crat.

139 2164 200 2227 qnia
229 2165 389 2227 cacophaton
419 2165 524 2215 videtur
549 2168 667 2217 Deorum
737 2169 890 2233 Raptallio]
924 2170 1174 2234 Lateraquaecoitu
1185 2172 1238 2220 dia-

137 2238 280 2288 vehicnlum
292 2246 392 2289 tenanm
404 2239 536 2311 dixerunt,
546 2256 598 2290 non
608 2248 664 2291 ten·
705 2250 868 2312 rumpuntur.
908 2245 1029 2295 Juvenal.
1045 2245 1052 2274 ‘
1064 2245 1142 2296 Quod
1158 2246 1239 2296 lateri

137 2313 451 2380 tum,neverbumturpe
469 2316 665 2366 conaretinSa·
705 2319 815 2383 parcas!
856 2320 996 2382 Eatigitor
1006 2332 1111 2369 moena:
1137 2320 1238 2371 mirelli

138 2392 205 2444 cria?
705 2393 821 2443 Victori·
837 2394 883 2442 ilia
902 2399 1055 2457 consumpta
1069 2393 1183 2445 clamant
1201 2396 1240 2445 la·

169 2468 249 2519 Medii
258 2468 317 2534 oiri]
333 2469 401 2521 Quia
412 2467 531 2518 inmcdio
539 2475 580 2519 ert
588 2483 666 2519 mern·
704 2468 752 2518 bra
762 2474 808 2518 tna
818 2483 875 2518 csse
894 2468 997 2532 signata
1013 2475 1156 2533 spermate,
1167 2468 1239 2535 qnod

135 2545 211 2594 brom
233 2544 315 2594 virile.
359 2544 476 2594 Martini.
501 2543 665 2594 ‘Lambebat
706 2542 959 2608 demultumcxipto
977 2545 1003 2594 iu
1022 2544 1101 2595 lubria
1115 2545 1168 2596 tuis
1184 2547 1239 2596 ina-

136 2621 235 2670 medios
246 2620 363 2683 improba
374 2620 462 2684 lingua
472 2619 558 2685 viros?
618 2606 629 2626 ²
709 2618 769 2666 ruit.

169 2700 185 2744 7
209 2694 251 2743 nic
267 2695 341 2756 certe]
372 2694 462 2743 Primo
485 2694 614 2743 dubitarit
632 2708 666 2742 an
738 2692 802 2754 llic]
833 2690 921 2758 Aliqui
938 2695 1037 2757 legunt,
1057 2694 1106 2744 llic
1127 2697 1240 2760 demaine,

137 2784 199 2819 vcra
209 2775 287 2830 creet,
298 2785 331 2819 an
342 2768 408 2818 falsa
417 2768 496 2832 sarna,
509 2768 586 2817 modo
600 2765 666 2816 affir·
707 2768 753 2817 aed
765 2784 823 2818 cnm
835 2784 925 2819 acuens
937 2776 965 2819 et
977 2771 1041 2819 ordo
1059 2771 1183 2833 illepidus
1193 2773 1240 2833 ait,

132 2852 192 2894 mat
203 2845 241 2893 ite
252 2858 319 2906 ease,
329 2851 357 2893 et
368 2843 474 2893 adducit
492 2842 666 2899 testimoninm
708 2843 820 2906 priorem
832 2845 970 2894 lectionem
982 2845 1062 2907 magio
1074 2846 1167 2908 probo.

137 2917 265 2968 Virronis.
740 2918 837 2966 limatae
863 2918 925 2981 cero]
957 2919 1139 2982 Metapltoricc
1166 2932 1240 2982 oper·

171 2990 291 3053 Clamant]
325 2991 389 3040 Cum
402 2993 511 3056 quodam
521 2991 602 3041 relnti
615 2991 666 3040 cla·
707 2998 787 3060 mate,
798 2993 869 3057 quod
889 2994 1003 3056 emulget
1020 3006 1053 3041 cx
1072 2993 1140 3043 illiue
1158 3008 1238 3042 mem·

140 3065 344 3120 moreindicaut.
707 3064 762 3114 bro.

552 3250 806 3261 ——n-

479 3414 685 3480 CARMEN
706 3413 892 3481 LXXXI.

448 3638 452 3644 Ι
532 3565 582 3613 An
598 3564 836 3614 ruvnnnrun.

182 3682 349 3751 Nanonn
364 3681 399 3743 in
412 3687 508 3744 tanto
522 3682 634 3764 potuit
647 3683 774 3767 populo
787 3700 875 3759 esse,
889 3680 913 3746 J
916 3682 1038 3760 urenti,

167 3841 170 3851 .
224 3783 340 3848 Bellus
351 3783 464 3858 homo,
480 3801 576 3866 quem
590 3789 626 3846 tu
640 3783 775 3866 diligero
790 3783 966 3865 inciperes,

171 3921 197 3972 0
216 3921 323 3986 dmi,
337 3935 368 3970 aa
383 3920 459 3970 radat
474 3934 523 3971 cete
536 3922 613 3985 potuit
622 3922 743 3982 sommae
758 3924 798 3974 air
811 3924 839 3973 ia
854 3927 923 3974 tuctu
935 3921 1017 3987 popatt
1029 3921 1139 3972 Romani
1156 3924 1241 3974 malti·

629 4024 740 4103 noun·
770 4050 773 4057 ·

172 4146 185 4197 t
216 4142 332 4205 Nemone]
365 4141 466 4194 Invidia
484 4142 570 4194 forsan
593 4145 687 4197 ductus
703 4145 788 4198 Po'c‘ta
807 4145 959 4212 lucentium
979 4144 1173 4198 adolescentem
1195 4158 1238 4196 rc·
