2774 4702
519 308 676 358 GARMEN
702 309 758 358 lll.

214 451 301 516 Tam
315 456 444 534 gratum
458 453 553 534 mihi,
568 474 669 539 quam
683 455 788 519 ferunt
803 453 924 539 puellae

216 555 351 619 Pernici
366 556 539 622 aureolum
552 557 660 622 fuisse
673 557 809 636 malum,

214 656 317 735 Quod
332 677 453 722 zonam
469 660 570 723 soluit
584 658 642 724 diu
654 659 802 742 ligatam.

73 835 218 900 josuam,
230 844 258 888 ut
267 841 350 890 diruat
360 843 468 892 ueloci
444 842 535 904 magias
529 841 665 906 occeptum
678 841 758 902 fuisse
772 855 868 906 pamm
887 853 993 904 auram,
1008 842 1069 905 qaod
1089 841 1193 892 recinuit

78 902 252 965 ciagutamdiu
261 905 373 955 alnetum.

546 1033 726 1054 eucnemon

80 1128 158 1178 codd.
171 1130 259 1179 tristis.
259 1135 323 1180 -11
345 1132 403 1182 Tum
414 1139 512 1194 motum
521 1133 548 1182 id
557 1133 617 1182 mibi
629 1134 700 1183 Mnr
730 1133 789 1181 Tam
802 1136 900 1194 gratum
910 1136 946 1182 est
957 1129 1031 1181 Voss.
1043 1135 1070 1180 et
1080 1131 1158 1194 Vulp.
1159 1158 1191 1167 -

80 1197 111 1242 1⁸
129 1193 233 1244 Incod.
245 1196 327 1260 antiq.
338 1196 435 1247 Avant.
446 1203 614 1262 urgotompru
626 1199 735 1260 ligatam.

581 1358 689 1409 NOTAE

112 1471 379 1536 11PaellaePeraior]
411 1473 564 1524 Atalantam
578 1475 616 1524 in·
655 1471 798 1536 nupsisset,
810 1471 894 1534 prima
915 1475 993 1520 nocte
1014 1471 1053 1519 vir
1074 1470 1191 1520 solvebat

80 1546 186 1609 telligit,
197 1562 275 1610 quam
287 1562 346 1597 cum
363 1555 439 1612 pater
457 1550 552 1613 nuptui
564 1555 615 1599 tra·
654 1549 681 1597 in
703 1549 791 1597 lecto:
816 1548 891 1596 testis
910 1547 1011 1596 Festus.
1043 1546 1191 1610 ‘Cingulo,’

79 1623 144 1671 dere
163 1624 256 1686 nollet,
276 1624 325 1673 nisi
345 1625 378 1687 ei,
395 1626 439 1690 qni
450 1640 508 1676 eam
527 1640 614 1689 cursu,
653 1627 747 1692 inquit,
765 1627 774 1654 ‘
785 1641 851 1674 nova
872 1632 954 1689 nupta
971 1625 1189 1688 praecingebatur,

80 1713 130 1763 quo
160 1700 332 1762 praecellebat
364 1702 430 1764 ipsa,
455 1708 613 1764 superasset,
654 1703 724 1768 qnod
736 1703 776 1752 vir
788 1702 812 1750 iu
827 1703 896 1751 lecto
908 1700 1043 1762 solvebat,’
1062 1704 1113 1750 dre.
1154 1702 1191 1750 Et

79 1781 218 1839 postquam
230 1776 304 1825 multi
316 1777 387 1839 proci
395 1777 614 1827 euincertamiue
654 1780 731 1844 paulo
743 1777 828 1828 insuar
854 1777 974 1828 ‘Cinxias
994 1777 1058 1826 itera
1077 1777 1189 1827 Junonls

77 1849 140 1899 victi
161 1855 253 1899 essent
264 1856 292 1898 et
301 1851 388 1909 occisi,
398 1851 455 1914 ipsa
465 1851 568 1901 demum
580 1853 613 1901 ab
654 1863 772 1906 sanctum
784 1870 876 1904 nomen
888 1854 1032 1904 trahebatur
1042 1854 1069 1903 in
1080 1854 1189 1918 nuptiis,

12 1939 14 1945 ⁴
78 1925 248 1990 Hippomene
267 1927 339 1975 victa
360 1933 410 1989 est,
427 1927 552 1977 malorum
571 1944 614 1978 au·
655 1931 724 1996 quod
735 1930 809 1979 initio
827 1931 940 1994 conjugii
952 1930 1046 1978 solutio
1058 1936 1115 1978 erat
1133 1931 1188 1979 cia·

78 2002 454 2066 reorum,quaeilleaVenere
466 2009 614 2067 acceperat,
655 2009 718 2072 guli,
740 2023 792 2073 quo
811 2023 878 2057 nova
903 2014 985 2071 nupta
1008 2012 1067 2057 erat
1085 2007 1188 2059 cimia’

77 2079 274 2166 pulchritudine
284 2086 364 2143 capta
383 2087 411 2129 et
422 2080 565 2143 retardata,
575 2082 612 2130 ei·
654 2084 731 2134 Unde
741 2085 857 2136 Catullus
868 2085 941 2146 alibi,
962 2084 1079 2132 ‘Zouam
1087 2085 1188 2133 solvere

80 2156 169 2221 quein
177 2169 288 2204 uxorem
299 2155 363 2205 (lata
374 2161 422 2206 est.
572 2178 577 2191 ¹
654 2159 815 2223 virgineam!
856 2159 945 2208 Greci
965 2172 1067 2222 quoque
1089 2157 1190 2220 λυσιζό-

110 2235 144 2280 lt
161 2230 428 2294 Zonumdr'uligatom]
446 2230 833 2320 Olim'crngr1-vovr,pucllas
852 2235 982 2285 Venerem
1000 2240 1125 2327 expertas
1143 2249 1187 2284 vo·

78 2308 114 2366 lo,
135 2304 206 2369 quod
218 2317 252 2353 ex
265 2305 389 2355 lanaoris
400 2305 479 2357 fiebat
482 2308 615 2371 ,virgines
656 2318 726 2363 cant.

77 2383 318 2449 precingebantur,
346 2385 415 2450 qnod
441 2400 499 2436 cum
526 2387 614 2481 puella

489 2997 696 3064 CARMEN
719 2999 789 3064 III.

358 3183 504 3232 Luctus
521 3183 560 3231 ΙΝ
579 3184 709 3232 MORTE
726 3183 917 3241 Passssnts.

213 3337 382 3412 Lucana,
396 3355 417 3399 ο
432 3334 594 3414 Veneres,
611 3335 868 3419 Cupidinesque,

211 3438 256 3503 Et
271 3432 429 3522 quantuni
445 3444 500 3500 est
512 3438 682 3502 hominum
697 3438 937 3502 venustiorum.

111 3607 249 3669 Plorotc,o
264 3603 375 3668 Veneres,
388 3602 538 3667 Vmustoter,
550 3609 574 3653 et
589 3604 698 3668 Amores,
716 3609 740 3654 et
753 3605 862 3669 quicquid
881 3609 915 3654 eal
931 3605 1050 3655 bominum
1061 3605 1189 3669 elegantio-

577 3766 688 3818 No‘rAE

111 3881 126 3926 l
161 3876 272 3939 Veneres,
295 3875 480 3942 Cupidinesque]
520 3877 613 3927 Multae
654 3883 739 3928 mater
759 3879 898 3943 Amorum,’
923 3880 967 3944 qui
983 3879 1052 3940 ,licet
1079 3875 1188 3932 diversis

77 3958 148 4017 sunt,
158 3966 254 4017 nempe
274 3959 387 4019 quatuor
397 3954 524 4017 Veneres,
539 3959 569 4003 ut
585 3959 614 4003 et
656 3956 808 4019 parentibus
821 3957 902 4020 geniti
913 3955 1007 4005 crediti
1018 3955 1082 4015 sint,
1101 3959 1188 4004 tamen

78 4036 134 4080 tres
142 4029 302 4093 cupidinem
315 4030 529 4095 quemadmodum
537 4030 616 4079 docet
656 4030 689 4079 ad
700 4045 778 4081 unum
790 4031 898 4080 Veneris
908 4029 989 4078 filium
1000 4027 1084 4078 omnia
1094 4043 1187 4092 prope,

80 4106 137 4156 Cic.
157 4105 204 4156 lib.
221 4119 266 4155 111.
284 4106 317 4156 de
336 4106 439 4157 Natura
456 4107 539 4156 Deos.
574 4104 616 4155 Ab
656 4121 713 4170 quae
732 4106 765 4157 de
776 4105 872 4159 Amore
892 4105 1042 4167 dictasunt,
1061 4102 1187 4154 transser-

81 4180 179 4246 Oridio
200 4181 291 4231 Venus
315 4180 412 4232 dicitur
437 4182 445 4210 ⁴
457 4180 616 4244 geminorum
656 4189 743 4234 untur.
909 4214 925 4242 ,
