2774 4702
519 350 526 361 .
565 316 694 370 VULPll
720 315 902 371 tutemet

378 459 491 511 Carmm.
503 471 604 513 xxxta.
619 461 715 512 Diuum
726 476 813 513 mmue
823 464 850 513 iu
860 461 923 514 ude.

544 539 604 576 exe.
623 527 701 578 collis
712 541 728 577 o
740 528 880 578 Heliconii.

222 655 276 716 XI.
297 653 457 715 Undecimi
470 656 585 734 generis
609 667 655 716 est
678 657 896 729 Pherecratius,
919 655 971 736 qui
985 656 1046 717 fere
1061 663 1179 720 constat
1193 678 1287 738 spou-

182 735 261 831 daeo,
274 733 405 815 dactylo,
421 745 510 814 atque
524 737 632 796 iterum
647 736 803 829 spondaeo,
815 736 866 797 uli

490 855 560 907 Exer
574 856 578 923 Ι
593 858 651 907 cetu
658 857 691 921 ju
704 856 709 923 Ι
724 861 827 908 ventum

183 970 319 1109 §ctullge
334 978 430 1111 tamen
443 971 472 1031 iu
490 971 585 1050 prima
598 970 669 1032 sede
684 973 868 1052 frequentius
884 973 1049 1034 trochaeum
1064 973 1213 1044 collocat;
1236 996 1289 1035 cu·

179 1070 282 1128 Jusmo
305 1070 377 1110 reun
403 1071 411 1110 t

493 1165 560 1215 Lutd
643 1170 685 1215 tim
706 1166 773 1229 pedi
807 1169 909 1217 soccum

402 1249 406 1259 =
493 1227 571 1292 Frige
644 1229 774 1295 raueAgo
806 1231 887 1294 nippe

494 1293 605 1370 Semper
660 1294 756 1358 ingene
823 1295 876 1343 rari

492 1357 569 1421 Sospt
656 1362 698 1408 t‘es
715 1372 765 1423 ope
808 1365 914 1423 gentem

185 1488 396 1549 nonnunquam
411 1477 442 1530 et
455 1468 598 1542 iambum,
613 1470 689 1531 utin
704 1471 780 1530 illis:

495 1590 561 1641 Puel
576 1589 581 1656 Ι
595 1591 678 1655 loequd
691 1592 722 1640 cll
736 1589 740 1656 Ι
755 1593 845 1640 ua‘emt‘rs

495 1655 600 1720 Hymen
615 1655 620 1721 Ι
635 1655 749 1719 oHyme
763 1653 768 1720 Ι
782 1669 839 1705 uuo

188 1770 277 1829 semel
292 1767 426 1829 secundo
440 1767 507 1827 loco
524 1767 699 1844 spondaeum
714 1766 867 1828 adhibuit:

498 1877 579 1927 Nutrl
592 1877 597 1943 Ι
611 1882 659 1927 unt
668 1877 702 1927 lui
716 1876 722 1944 Ι
735 1882 806 1928 more

187 1993 256 2133 ΙΙΙο
270 2013 375 2087 genere
389 2012 490 2054 tersus
505 1993 552 2053 bis
567 1993 669 2068 utitur,
683 2013 791 2074 nempe
801 1994 933 2055 Cermm.
947 2008 1073 2053 xxxiv.
1088 2002 1118 2055 ct
1134 2009 1206 2057 uxt.
1222 2015 1293 2056 cum

231 2093 351 2152 yconio.

189 2188 194 2195 ’
230 2201 302 2261 Xll.
325 2200 503 2261 Duodecimi
517 2202 632 2280 generis
646 2213 690 2261 cst
706 2204 907 2273 Hexameter3
929 2202 1017 2280 ouius
1031 2195 1182 2263 notissima
1196 2208 1294 2263 struc-

187 2291 272 2435 Ιιὲῗέ,
288 2282 441 2422 νξΙΙΙΙΙιΙΙιιε
456 2302 515 2341 uou
529 2302 594 2341 raro
610 2282 734 2343 adhibet
744 2285 918 2361 spondaeum
933 2302 989 2361 pro
1005 2282 1125 2361 dactylo
1145 2275 1175 2341 in
1189 2285 1296 2362 quinta

201 2524 204 2529 ,
318 2473 420 2536 Tempe
471 2487 529 2538 quoe
541 2475 581 2536 syl
615 2475 711 2524 vaecin
744 2479 901 2539 gunteuper
932 2478 1019 2538 impeu
1054 2475 1147 2525 dentes

206 2542 210 2549 '
288 2537 348 2586 Nou
366 2537 437 2600 prius
487 2551 520 2586 ex
545 2537 564 2586 il
624 2538 649 2588 lo
665 2536 701 2588 fla
772 2541 877 2602 grentio
945 2538 1013 2588 decli
1054 2540 1128 2589 navit

320 2601 398 2651 Eruit
472 2601 518 2650 illa
529 2617 579 2665 pro
622 2604 665 2653 cul
675 2618 704 2652 ru
772 2603 874 2653 dicibus
945 2609 1021 2652 extur
1054 2604 1116 2653 bata

191 2719 258 2777 Hoc
272 2735 378 2794 genere
393 2734 493 2775 versus
508 2715 600 2776 ulitur
612 2717 704 2776 Poeta
719 2727 816 2777 noster
829 2717 874 2776 bis
887 2725 1032 2796 perpetua
1045 2717 1131 2788 serie,

225 2838 313 2887 Carm.
326 2848 393 2885 extr.
409 2835 514 2897 Vesper
525 2836 608 2898 adest,
616 2837 745 2899 juvenen!
763 2839 929 2900 consurgite!
950 2838 1054 2902 Vesper
1065 2837 1188 2904 Olympo.

321 2912 396 2949 uxtv.
414 2898 522 2948 Peliaco
533 2901 662 2964 qttoudam
674 2906 808 2965 prognatae
821 2903 922 2953 vertice
933 2903 1018 2966 piune.
1109 2937 1113 2941 -

194 3020 313 3081 alteruis
344 3040 412 3079 vero
435 3039 502 3080 cum
525 3021 722 3093 pentametro,
745 3042 763 3081 a
788 3024 889 3083 Carm.
915 3038 994 3083 va.
1018 3043 1112 3102 usque
1143 3022 1181 3081 ad
1207 3020 1298 3080 finem

167 3101 270 3160 ¹libri.
312 3100 455 3160 Nonnulli
475 3099 555 3179 apud
580 3100 718 3162 Nostrum
740 3113 903 3163 occurrunt
916 3104 1104 3182 hypermetri,
1128 3102 1300 3179 cujusmodi

194 3192 261 3241 suut
276 3180 402 3260 exempli
416 3200 520 3239 eausa:

369 3302 437 3352 Inde
446 3307 522 3367 peter
532 3301 628 3351 Divum
640 3309 732 3353 sancta
742 3318 799 3353 cum
811 3304 932 3368 conjuge,
942 3303 1069 3367 natisque.

370 3369 407 3417 Et
419 3369 463 3434 qui
474 3367 604 3431 principio
616 3367 690 3417 uobis
702 3375 798 3418 terram
810 3368 894 3431 dedit,
904 3375 1021 3418 auctore.

236 3499 322 3556 XIII.
345 3497 461 3557 Decimi
475 3497 553 3556 tertii
567 3499 683 3576 generis
702 3506 749 3558 est
762 3499 949 3557 Pentameter
962 3494 1130 3575 Elegiucus,
1145 3515 1231 3572 aeque
1247 3515 1303 3557 no.

196 3591 255 3637 tus.
297 3579 352 3636 Est
374 3587 473 3637 autem
495 3577 642 3646 Catullus,
667 3597 747 3638 more
770 3578 967 3656 antiquiorum
991 3584 1156 3656 poctarum,
1183 3578 1213 3635 iu
1239 3576 1300 3638 hoc

195 3675 300 3735 genere
311 3676 521 3734 nonnunquam
537 3655 743 3718 duriusculos:
766 3659 863 3736 qualia
878 3658 954 3715 enirn
969 3667 1038 3716 suut
1051 3655 1120 3715 illa:

373 3768 452 3831 Troja
464 3768 546 3817 virum
557 3774 586 3818 et
596 3768 720 3819 virtutum
732 3770 846 3820 omnium
859 3768 954 3818 acerba
965 3769 1039 3820 ciuis.

373 3834 460 3884 Quam
470 3832 547 3881 modo
559 3833 602 3896 qui
613 3847 655 3882 mc
666 3849 743 3883 renum
756 3840 835 3899 atque
844 3834 949 3882 unicum
960 3833 1070 3883 amicum
1081 3834 1180 3887 habuit.

373 3898 455 3958 Vere,
466 3903 591 3961 quantum
603 3910 619 3946 u
629 3912 680 3961 me,
690 3898 793 3960 Lesbia,
803 3903 900 3956 emata,
910 3912 977 3959 mea,
984 3912 1022 3946 ee.

373 3961 472 4010 Divum
482 3961 515 4009 ad
525 3959 654 4011 fallendos
666 3963 770 4012 numine
782 3962 888 4012 abusum
899 3962 1014 4011 homiues

374 4024 433 4076 Nee
445 4024 572 4075 desistere
582 4040 679 4090 amare,
691 4027 777 4078 omnia
787 4027 808 4076 si
819 4025 908 4074 facias.

199 4139 270 4198 Etsi
286 4159 344 4217 qua
359 4148 427 4200 sunt
440 4140 497 4199 alia
511 4137 623 4198 similia.
