2774 4702
481 344 513 391 (i.
536 341 696 390 venanti
721 338 885 390 camunti

368 552 370 557 ,
397 485 543 550 Dianam
558 482 653 567 pueri
667 480 798 566 integri,

437 587 633 671 Puellaeque
649 602 817 650 canamus.

396 689 427 753 0
443 689 600 766 Latonia,
614 687 754 753 maximi

397 789 526 874 Magna
539 791 711 875 progenies
725 789 840 855 lovis!

397 891 509 972 Quam
522 905 630 958 mater
644 911 752 976 prope
767 889 901 956 Deliam

438 993 616 1078 Deposivit
628 993 773 1072 olivum3

397 1094 569 1189 Montium
583 1093 720 1158 domina
730 1095 769 1156 ut
781 1089 883 1167 loros,

396 1196 638 1282 sylvarumque
652 1194 840 1271 virentium,

396 1296 616 1381 saltuumque
629 1295 884 1376 reconditorum,

443 1397 670 1480 Amniumque
683 1401 868 1462 sonantum.

396 1499 451 1564 Tu
465 1498 594 1564 Lucina
607 1497 798 1562 dolentibus

397 1599 421 1665 J
423 1619 491 1664 uno
507 1598 602 1664 dicta
615 1593 805 1682 puerperis:

399 1700 453 1765 'l'n
466 1705 582 1784 potens
595 1697 726 1776 Trivia,
740 1701 773 1761 et
786 1695 887 1761 notho
900 1714 937 1761 eu

441 1801 544 1866 Dicta
556 1800 679 1865 lumine
692 1799 799 1864 Luna.

136 1999 280 2062 incorrupto
297 1997 435 2050 mireum
442 1998 556 2049 Dianam.
592 1995 924 2064 onocentaurorum
941 1992 1096 2058 Μαικία
1104 1992 1184 2054 Jovia,
1200 1997 1241 2056 tu,

268 2077 309 2112 cna
323 2062 394 2113 enixo
403 2068 440 2113 eat
456 2065 488 2113 nd
505 2065 580 2113 oleam
596 2064 731 2126 Deliacam,
741 2067 770 2112 at
778 2075 839 2112 cetea
847 2075 935 2125 morea
945 2058 1069 2121 maura
1080 2062 1104 2108 ct
1118 2058 1242 2122 apinam

250 2126 449 2192 ‘nanuum
459 2127 601 2192 mmm,
618 2134 643 2178 et
653 2128 784 2194 flaminum
801 2121 980 2176 ommatium!
1014 2122 1050 2172 lla
1064 2123 1129 2171 ἅνω
1148 2120 1243 2171 udan

137 2192 254 2255 appellato
272 2205 297 2242 ea
311 2192 621 2258 puerperulatoroattbm
644 2186 1242 2256 murmurataetlmappeuuauuem

597 2323 777 2345 mmo

138 2417 229 2454 verena
238 2402 350 2454 debetur
358 2401 480 2469 Arantio,
490 2411 519 2455 et
527 2410 648 2469 receptur
658 2412 699 2455 eat
708 2405 734 2454 in
746 2403 808 2455 Alo.
819 2409 843 2455 1.
855 2405 930 2456 deeat
940 2404 966 2454 in
974 2401 1050 2454 codd.
1062 2407 1091 2452 ot
1102 2384 1162 2450 eoo.
1173 2405 1243 2450 vett.

138 2471 187 2518 -8
202 2468 296 2530 Prisca
311 2468 391 2521 lectio
403 2476 461 2520 erat
478 2470 612 2534 Depouit5
622 2471 717 2521 Petrus
732 2469 863 2521 Victorius
882 2469 979 2534 primm
997 2467 1086 2518 docuit
1099 2464 1243 2528 legendarii

639 2663 746 2715 NO'I'AE

170 2772 667 2840 tDiaaampueriiatagri,Paelloeqaecc·
707 2773 800 2825 habuit
810 2771 1094 2839 Apollinhetihtonu
1104 2770 1245 2837 templum,

136 2847 234 2910 m]
249 2849 301 2898 'l'er
311 2863 405 2900 norem
416 2852 490 2914 pueri
505 2852 668 2914 pretextati,
707 2865 835 2916 quamque
853 2851 904 2901 alio
923 2850 1026 2901 nomine
1045 2853 1150 2899 reterea
1167 2847 1243 2897 ‹lixe-

137 2924 301 2990 totidemque
319 2926 442 2990 virginee,
456 2927 562 2991 patrimi
572 2942 604 2977 ac
615 2942 669 2977 nra·
708 2934 769 2979 runt
779 2927 929 2992 Ortygiam.

137 2999 219 3064 trimi,
225 3000 477 3068 Graecalratinaque
484 3017 549 3053 voce
556 3003 669 3053 carmina
740 3000 1072 3067 tDepoaioit1‘rtutiqui,'
1090 2999 1243 3051 Priscianna

137 3077 229 3126 Dianae
241 3082 319 3142 atque
325 3075 439 3141 Apollini
448 3078 622 3129 concinebant
631 3079 668 3127 ln·
708 3080 756 3142 ait,
771 3078 873 3142 ‘potiri
885 3092 934 3142 pro
953 3078 1028 3142 poaul
1041 3075 1184 3140 protuliaee
1203 3075 1243 3124 in·

137 3152 668 3218 diaraecularlbue,utjamaupraridimue·
707 3153 864 3205 veniuntur!
896 3154 985 3206 Plani.
998 3153 1093 3204 ‘Nunc
1110 3151 1180 3216 apud
1202 3165 1245 3202 ac-

137 3230 233 3283 llorat.
250 3243 271 3280 1.
293 3228 346 3279 Od.
363 3234 405 3283 21.
422 3231 551 3282 ‘Dianam
569 3236 668 3282 tenerae
708 3234 842 3296 quertrnur
854 3225 1136 3292 vidulumporivimur!
1159 3223 1243 3290 Apul.

136 3305 220 3359 «licite
238 3305 370 3371 Virginea,
388 3306 526 3359 latornum
545 3308 620 3373 pueri
632 3306 670 3356 di·
707 3306 761 3356 ‘Et
772 3304 886 3355 cibatum
897 3319 956 3354 eum
968 3301 1172 3369 appoairernnt'

137 3383 191 3434 cite
201 3383 350 3448 Cynthium,
360 3383 541 3451 Latonamque
550 3397 671 3449 supremo
742 3386 773 3431 1⁶
793 3381 831 3432 lla
845 3385 929 3445 potera
940 3381 1035 3445 litato]
1049 3379 1138 3431 Diana
1154 3379 1246 3429 multi·

137 3457 268 3508 Dilectaur
278 3459 382 3521 penitm
389 3458 470 3512 lori?
710 3457 772 3522 plici
783 3457 886 3507 nominc
897 3457 977 3520 dicta,
989 3455 1130 3519 multiplici
1139 3466 1246 3520 quoqne

168 3537 185 3582 o
198 3533 222 3582 0
232 3533 465 3599 latoaiomcximi]
475 3535 563 3586 Diana
573 3534 672 3585 dicitur
710 3537 843 3599 potestate
853 3531 967 3596 predita
976 3530 1134 3596 fingebatur,
1145 3530 1194 3581 red
1204 3532 1246 3580 in·

137 3607 248 3658 Latonia
259 3623 275 3657 a
285 3615 369 3658 matra
379 3608 489 3673 Latona,
498 3624 566 3675 qnae,
576 3616 607 3660 nt
617 3615 671 3660 tra·
711 3615 753 3661 ter
762 3608 808 3658 illa
815 3608 901 3658 omnia
908 3607 1014 3658 uomina
1022 3613 1051 3657 et
1060 3607 1159 3669 munia,
1173 3606 1246 3656 ‘'l'ri·

137 3687 205 3741 dunt
214 3684 323 3750 fabular,
342 3701 376 3738 ex
393 3688 462 3741 Jore
480 3689 586 3753 peperit
604 3688 669 3738 Dia·
709 3685 771 3750 ria,’
788 3684 931 3750 eademqne
954 3683 1097 3736 ‘triformia
1120 3684 1247 3747 Hecate}

137 3776 197 3815 nam
210 3768 239 3812 et
249 3760 406 3826 Apollinem.
708 3763 779 3829 quod
805 3776 864 3812 care
882 3761 1017 3813 (liceretur
1049 3760 1146 3811 ‘Luna
1165 3759 1245 3822 Polo,

169 3842 186 3888 7
203 3838 282 3902 Propo
292 3837 402 3902 Delion]
418 3838 460 3888 De
470 3837 577 3888 Latonae
588 3842 668 3902 partu
707 3837 871 3902 DianaSolo,
878 3837 1035 3902 Proserpina
1045 3834 1246 3887 Averno'‘Lu·

138 3913 204 3964 varii
229 3912 379 3978 Scriptorea
406 3913 478 3964 uaria
508 3913 668 3978 prodidere:
709 3914 781 3965 ciua'
794 3910 1247 3979 dictaeat,quodadaitpartnrien·

138 3989 298 4040 communior
308 3989 439 4041 sententia
455 3995 505 4054 eat,
523 3988 670 4055 Apollinem
710 3989 791 4053 tibur,
801 3995 829 4039 et
846 3995 949 4053 partum
960 3989 987 4039 iu
1001 3989 1089 4038 lucem
1103 3986 1245 4052 producat.

138 4064 303 4130 Dianamque
313 4080 365 4117 nno
383 4071 463 4132 partu
480 4065 515 4116 al>
532 4077 565 4116 ea
583 4065 668 4116 editor
708 4064 785 4115 Unde
808 4064 879 4129 apud
909 4064 1019 4115 Terent.
1042 4062 1178 4126 ‘Lucina
1203 4058 1246 4111 far

138 4138 166 4188 iu
179 4138 246 4188 Delo
257 4140 342 4191 inanla
352 4141 431 4192 marie
443 4139 527 4205 AEgaei
538 4141 607 4190 inter
618 4140 668 4204 Cy·
708 4153 785 4203 opem
794 4138 810 4204 ς’
828 4146 856 4189 et
874 4137 944 4203 apud
954 4138 1055 4203 'virgil
1073 4137 1173 4189 ‘Caata
1182 4133 1246 4186 t'arc

139 4211 228 4264 cladaa
245 4213 378 4282 eminenti,
396 4230 455 4282 qun
472 4214 670 4268 celeberrimum
710 4214 817 4280 Lucina,
844 4220 902 4267 tnna
926 4213 983 4279 jam
1008 4221 1103 4280 regnat
1130 4210 1248 4281 Apollo?
