<?xml version="1.0" encoding="UTF-8"?>
<!DOCTYPE html PUBLIC "-//W3C//DTD XHTML 1.0 Transitional//EN"
    "http://www.w3.org/TR/xhtml1/DTD/xhtml1-transitional.dtd">
<html xmlns="http://www.w3.org/1999/xhtml" xml:lang="en" lang="en">
 <head>
  <title>
</title>
<meta http-equiv="Content-Type" content="text/html;charset=utf-8" />
  <meta name='ocr-system' content='tesseract 3.04.00' />
  <meta name='ocr-capabilities' content='ocr_page ocr_carea ocr_par ocr_line ocrx_word'/>
</head>
<body>
  <div class='ocr_page' id='page_1' title='image "./cvaleriicatulli00catugoog/cvaleriicatulli00catugoog_0145.png"; bbox 0 0 2774 4702; ppageno 0'>
   <div class='ocr_carea' id='block_1_1' title="bbox 150 292 905 365">
    <p class='ocr_par' dir='ltr' id='par_1_1' title="bbox 150 292 905 365">
     <span class='ocr_line' id='line_1_1' title="bbox 150 292 905 365; baseline 0.007 -8"><span class='ocrx_word' id='word_1_1' title='bbox 150 292 215 360; x_wconf 72' lang='lat'><strong>13⁰</strong></span> <span class='ocrx_word' id='word_1_2' title='bbox 502 311 533 360; x_wconf 92' lang='lat' dir='ltr'><strong>o.</strong></span> <span class='ocrx_word' id='word_1_3' title='bbox 557 307 715 361; x_wconf 72' lang='lat' dir='ltr'><strong>vinnan</strong></span> <span class='ocrx_word' id='word_1_4' title='bbox 737 308 905 365; x_wconf 75' lang='lat' dir='ltr'><strong>uauuuna</strong></span> 
     </span>
    </p>
   </div>
   <div class='ocr_carea' id='block_1_2' title="bbox 274 449 1249 1448">
    <p class='ocr_par' dir='ltr' id='par_1_2' title="bbox 279 449 819 540">
     <span class='ocr_line' id='line_1_2' title="bbox 279 449 819 540; baseline 0.013 -23"><span class='ocrx_word' id='word_1_5' title='bbox 279 451 304 517; x_wconf 83' lang='lat' dir='ltr'><strong>J</strong></span> <span class='ocrx_word' id='word_1_6' title='bbox 305 469 358 516; x_wconf 88' lang='lat' dir='ltr'><strong>am</strong></span> <span class='ocrx_word' id='word_1_7' title='bbox 371 449 451 518; x_wconf 85' lang='lat' dir='ltr'><strong>coeli</strong></span> <span class='ocrx_word' id='word_1_8' title='bbox 464 451 555 518; x_wconf 75' lang='lat' dir='ltr'><strong>lutor</strong></span> <span class='ocrx_word' id='word_1_9' title='bbox 570 453 819 540; x_wconf 71' lang='lat' dir='ltr'><strong>aequinoctialis</strong></span> 
     </span>
    </p>

    <p class='ocr_par' dir='ltr' id='par_1_3' title="bbox 275 552 861 639">
     <span class='ocr_line' id='line_1_3' title="bbox 275 552 861 639; baseline 0.005 -20"><span class='ocrx_word' id='word_1_10' title='bbox 275 552 300 619; x_wconf 82' lang='lat' dir='ltr'><strong>J</strong></span> <span class='ocrx_word' id='word_1_11' title='bbox 301 553 443 619; x_wconf 82' lang='lat' dir='ltr'><strong>uoundie</strong></span> <span class='ocrx_word' id='word_1_12' title='bbox 458 552 603 639; x_wconf 86' lang='lat' dir='ltr'><strong>Zephyri</strong></span> <span class='ocrx_word' id='word_1_13' title='bbox 616 554 745 622; x_wconf 79' lang='lat' dir='ltr'><strong>silescit</strong></span> <span class='ocrx_word' id='word_1_14' title='bbox 759 555 861 622; x_wconf 65' lang='lat' dir='ltr'><strong>auru.</strong></span> 
     </span>
    </p>

    <p class='ocr_par' dir='ltr' id='par_1_4' title="bbox 276 653 941 740">
     <span class='ocr_line' id='line_1_4' title="bbox 276 653 941 740; baseline 0.006 -23"><span class='ocrx_word' id='word_1_15' title='bbox 276 653 482 738; x_wconf 78' lang='lat' dir='ltr'><strong>linquantur</strong></span> <span class='ocrx_word' id='word_1_16' title='bbox 495 653 645 740; x_wconf 83' lang='lat' dir='ltr'><strong>Phrygii,</strong></span> <span class='ocrx_word' id='word_1_17' title='bbox 660 653 801 736; x_wconf 84' lang='lat' dir='ltr'><strong>Catulle,</strong></span> <span class='ocrx_word' id='word_1_18' title='bbox 814 654 941 739; x_wconf 77' lang='lat' dir='ltr'><strong>campi,</strong></span> 
     </span>
    </p>

    <p class='ocr_par' dir='ltr' id='par_1_5' title="bbox 276 753 857 839">
     <span class='ocr_line' id='line_1_5' title="bbox 276 753 857 839; baseline -0.003 -18"><span class='ocrx_word' id='word_1_19' title='bbox 276 753 476 839; x_wconf 80' lang='lat' dir='ltr'><strong>Nicaeaeque</strong></span> <span class='ocrx_word' id='word_1_20' title='bbox 492 773 571 838; x_wconf 90' lang='lat' dir='ltr'><strong>ager</strong></span> <span class='ocrx_word' id='word_1_21' title='bbox 584 755 671 820; x_wconf 87' lang='lat' dir='ltr'><strong>uber</strong></span> <span class='ocrx_word' id='word_1_22' title='bbox 684 762 857 822; x_wconf 73' lang='lat' dir='ltr'><strong>aestuosae.</strong></span> 
     </span>
    </p>

    <p class='ocr_par' dir='ltr' id='par_1_6' title="bbox 275 854 852 925">
     <span class='ocr_line' id='line_1_6' title="bbox 275 854 852 925; baseline -0.002 -3"><span class='ocrx_word' id='word_1_23' title='bbox 275 854 332 922; x_wconf 87' lang='lat' dir='ltr'><strong>Ad</strong></span> <span class='ocrx_word' id='word_1_24' title='bbox 346 857 456 922; x_wconf 85' lang='lat' dir='ltr'><strong>claras</strong></span> <span class='ocrx_word' id='word_1_25' title='bbox 470 854 565 922; x_wconf 84' lang='lat' dir='ltr'><strong>Asiae</strong></span> <span class='ocrx_word' id='word_1_26' title='bbox 578 857 731 925; x_wconf 84' lang='lat' dir='ltr'><strong>volemus</strong></span> <span class='ocrx_word' id='word_1_27' title='bbox 742 858 852 922; x_wconf 83' lang='lat' dir='ltr'><strong>urbes.</strong></span> 
     </span>
    </p>

    <p class='ocr_par' dir='ltr' id='par_1_7' title="bbox 274 957 951 1043">
     <span class='ocr_line' id='line_1_7' title="bbox 274 957 951 1043; baseline 0.001 -21"><span class='ocrx_word' id='word_1_28' title='bbox 274 957 299 1023; x_wconf 84' lang='lat' dir='ltr'><strong>J</strong></span> <span class='ocrx_word' id='word_1_29' title='bbox 299 977 353 1022; x_wconf 87' lang='lat' dir='ltr'><strong>am</strong></span> <span class='ocrx_word' id='word_1_30' title='bbox 366 976 461 1022; x_wconf 85' lang='lat' dir='ltr'><strong>mens</strong></span> <span class='ocrx_word' id='word_1_31' title='bbox 474 957 716 1043; x_wconf 78' lang='lat' dir='ltr'><strong>praetrepidans</strong></span> <span class='ocrx_word' id='word_1_32' title='bbox 729 965 807 1025; x_wconf 81' lang='lat' dir='ltr'><strong>avet</strong></span> <span class='ocrx_word' id='word_1_33' title='bbox 816 959 951 1042; x_wconf 78' lang='lat' dir='ltr'><strong>vageri3</strong></span> 
     </span>
    </p>

    <p class='ocr_par' dir='ltr' id='par_1_8' title="bbox 275 1058 890 1145">
     <span class='ocr_line' id='line_1_8' title="bbox 275 1058 890 1145; baseline 0.003 -21"><span class='ocrx_word' id='word_1_34' title='bbox 275 1058 300 1124; x_wconf 84' lang='lat' dir='ltr'><strong>J</strong></span> <span class='ocrx_word' id='word_1_35' title='bbox 300 1078 355 1125; x_wconf 87' lang='lat' dir='ltr'><strong>um</strong></span> <span class='ocrx_word' id='word_1_36' title='bbox 369 1059 441 1126; x_wconf 84' lang='lat' dir='ltr'><strong>loeti</strong></span> <span class='ocrx_word' id='word_1_37' title='bbox 456 1058 569 1124; x_wconf 84' lang='lat' dir='ltr'><strong>studio</strong></span> <span class='ocrx_word' id='word_1_38' title='bbox 582 1058 687 1144; x_wconf 83' lang='lat' dir='ltr'><strong>pedes</strong></span> <span class='ocrx_word' id='word_1_39' title='bbox 701 1061 890 1145; x_wconf 78' lang='lat' dir='ltr'><strong>vigescunt.</strong></span> 
     </span>
    </p>

    <p class='ocr_par' dir='ltr' id='par_1_9' title="bbox 274 1158 869 1240">
     <span class='ocr_line' id='line_1_9' title="bbox 274 1158 869 1240; baseline -0.002 -13"><span class='ocrx_word' id='word_1_40' title='bbox 274 1159 306 1227; x_wconf 90' lang='grc' dir='ltr'><strong>Ο</strong></span> <span class='ocrx_word' id='word_1_41' title='bbox 321 1158 437 1227; x_wconf 78' lang='lat' dir='ltr'><strong>dulces</strong></span> <span class='ocrx_word' id='word_1_42' title='bbox 451 1161 611 1226; x_wconf 85' lang='lat' dir='ltr'><strong>comitum</strong></span> <span class='ocrx_word' id='word_1_43' title='bbox 625 1161 734 1228; x_wconf 82' lang='lat' dir='ltr'><strong>valete</strong></span> <span class='ocrx_word' id='word_1_44' title='bbox 747 1167 869 1240; x_wconf 88' lang='lat' dir='ltr'><strong>ooetus,</strong></span> 
     </span>
    </p>

    <p class='ocr_par' dir='ltr' id='par_1_10' title="bbox 274 1259 1249 1448">
     <span class='ocr_line' id='line_1_10' title="bbox 274 1259 1249 1345; baseline 0.005 -21"><span class='ocrx_word' id='word_1_45' title='bbox 274 1259 389 1343; x_wconf 86' lang='lat' dir='ltr'><strong>Longe</strong></span> <span class='ocrx_word' id='word_1_46' title='bbox 402 1280 488 1345; x_wconf 88' lang='lat' dir='ltr'><strong>quos</strong></span> <span class='ocrx_word' id='word_1_47' title='bbox 503 1261 600 1327; x_wconf 84' lang='lat' dir='ltr'><strong>simul</strong></span> <span class='ocrx_word' id='word_1_48' title='bbox 615 1280 638 1327; x_wconf 83' lang='lat' dir='ltr'><strong>a</strong></span> <span class='ocrx_word' id='word_1_49' title='bbox 651 1261 751 1327; x_wconf 91' lang='lat' dir='ltr'><strong>domo</strong></span> <span class='ocrx_word' id='word_1_50' title='bbox 766 1261 937 1345; x_wconf 80' lang='lat' dir='ltr'><strong>profectos</strong></span> <span class='ocrx_word' id='word_1_51' title='bbox 1203 1263 1249 1330; x_wconf 89' lang='lat'><strong>10</strong></span> 
     </span>
     <span class='ocr_line' id='line_1_11' title="bbox 275 1361 813 1448; baseline 0.006 -22"><span class='ocrx_word' id='word_1_52' title='bbox 275 1361 418 1428; x_wconf 81' lang='lat' dir='ltr'><strong>Diverso</strong></span> <span class='ocrx_word' id='word_1_53' title='bbox 431 1363 535 1430; x_wconf 77' lang='lat' dir='ltr'><strong>valiae</strong></span> <span class='ocrx_word' id='word_1_54' title='bbox 549 1362 617 1430; x_wconf 84' lang='lat' dir='ltr'><strong>vias</strong></span> <span class='ocrx_word' id='word_1_55' title='bbox 630 1368 813 1448; x_wconf 84' lang='lat' dir='ltr'><strong>reportant.</strong></span> 
     </span>
    </p>
   </div>
   <div class='ocr_carea' id='block_1_3' title="bbox 141 1524 1250 1833">
    <p class='ocr_par' dir='ltr' id='par_1_11' title="bbox 141 1524 1250 1833">
     <span class='ocr_line' id='line_1_12' title="bbox 142 1524 1250 1593; baseline 0.003 -16"><span class='ocrx_word' id='word_1_56' title='bbox 142 1524 423 1590; x_wconf 65' lang='lat' dir='ltr'><strong>aenitllssdltflots&#39;dss</strong></span> <span class='ocrx_word' id='word_1_57' title='bbox 433 1527 545 1579; x_wconf 78' lang='lat' dir='ltr'><strong>Fuaosia&#39;.</strong></span> <span class='ocrx_word' id='word_1_58' title='bbox 567 1527 593 1580; x_wconf 94' lang='lat'>0</span> <span class='ocrx_word' id='word_1_59' title='bbox 602 1527 705 1591; x_wconf 59' lang='lat' dir='ltr'><strong>duello,</strong></span> <span class='ocrx_word' id='word_1_60' title='bbox 713 1527 868 1580; x_wconf 77' lang='lat' dir='ltr'><strong>deseratus?</strong></span> <span class='ocrx_word' id='word_1_61' title='bbox 911 1528 1038 1593; x_wconf 78' lang='lat' dir='ltr'><strong>glongio,</strong></span> <span class='ocrx_word' id='word_1_62' title='bbox 1048 1533 1071 1580; x_wconf 80' lang='lat' dir='ltr'><strong>et</strong></span> <span class='ocrx_word' id='word_1_63' title='bbox 1083 1527 1250 1591; x_wconf 64' lang='lat' dir='ltr'><strong>molendis</strong></span> 
     </span>
     <span class='ocr_line' id='line_1_13' title="bbox 145 1588 1249 1658; baseline 0.004 -18"><span class='ocrx_word' id='word_1_64' title='bbox 145 1588 354 1654; x_wconf 74' lang='lat' dir='ltr'><strong>Nieeoefaruidoe,</strong></span> <span class='ocrx_word' id='word_1_65' title='bbox 364 1593 432 1643; x_wconf 73' lang='lat' dir='ltr'><strong>etad</strong></span> <span class='ocrx_word' id='word_1_66' title='bbox 446 1593 516 1644; x_wconf 77' lang='lat' dir='ltr'><strong>sales</strong></span> <span class='ocrx_word' id='word_1_67' title='bbox 523 1593 591 1644; x_wconf 76' lang='lat' dir='ltr'><strong>Asia</strong></span> <span class='ocrx_word' id='word_1_68' title='bbox 600 1592 706 1654; x_wconf 80' lang='lat' dir='ltr'><strong>insigues</strong></span> <span class='ocrx_word' id='word_1_69' title='bbox 714 1594 855 1644; x_wconf 66' lang='lat' dir='ltr'><strong>«desumus.</strong></span> <span class='ocrx_word' id='word_1_70' title='bbox 907 1609 944 1644; x_wconf 85' lang='lat' dir='ltr'><strong>om</strong></span> <span class='ocrx_word' id='word_1_71' title='bbox 955 1593 1050 1644; x_wconf 75' lang='lat' dir='ltr'><strong>unimus</strong></span> <span class='ocrx_word' id='word_1_72' title='bbox 1060 1606 1132 1643; x_wconf 87' lang='lat' dir='ltr'><strong>meus</strong></span> <span class='ocrx_word' id='word_1_73' title='bbox 1139 1607 1249 1658; x_wconf 72' lang='lat' dir='ltr'><strong>proges-</strong></span> 
     </span>
     <span class='ocr_line' id='line_1_14' title="bbox 142 1653 1248 1722; baseline 0.003 -17"><span class='ocrx_word' id='word_1_74' title='bbox 142 1653 423 1718; x_wconf 64' lang='lat' dir='ltr'><strong>mmmmm.</strong></span> <span class='ocrx_word' id='word_1_75' title='bbox 454 1658 513 1707; x_wconf 80' lang='lat' dir='ltr'><strong>Joss</strong></span> <span class='ocrx_word' id='word_1_76' title='bbox 525 1659 597 1722; x_wconf 78' lang='lat' dir='ltr'><strong>pedes</strong></span> <span class='ocrx_word' id='word_1_77' title='bbox 614 1657 665 1707; x_wconf 87' lang='lat' dir='ltr'><strong>mel</strong></span> <span class='ocrx_word' id='word_1_78' title='bbox 676 1655 966 1720; x_wconf 58' lang='lat' dir='ltr'><strong>affletuolaemulgestt</strong></span> <span class='ocrx_word' id='word_1_79' title='bbox 1000 1657 1091 1717; x_wconf 83' lang='lat' dir='ltr'><strong>Volete,</strong></span> <span class='ocrx_word' id='word_1_80' title='bbox 1109 1657 1248 1719; x_wconf 73' lang='lat' dir='ltr'><strong>ojueusda</strong></span> 
     </span>
     <span class='ocr_line' id='line_1_15' title="bbox 141 1718 1248 1832; baseline 0.003 -64"><span class='ocrx_word' id='word_1_81' title='bbox 141 1718 256 1832; x_wconf 55' lang='lat' dir='ltr'><strong><em>m</em></strong></span> <span class='ocrx_word' id='word_1_82' title='bbox 263 1719 342 1784; x_wconf 79' lang='lat' dir='ltr'><strong>tardo,</strong></span> <span class='ocrx_word' id='word_1_83' title='bbox 354 1734 411 1786; x_wconf 80' lang='lat' dir='ltr'><strong>quos</strong></span> <span class='ocrx_word' id='word_1_84' title='bbox 424 1722 519 1786; x_wconf 64' lang='lat' dir='ltr'><strong>posita</strong></span> <span class='ocrx_word' id='word_1_85' title='bbox 532 1719 651 1785; x_wconf 51' lang='lat' dir='ltr'><strong>penedos</strong></span> <span class='ocrx_word' id='word_1_86' title='bbox 658 1723 740 1784; x_wconf 79' lang='lat' dir='ltr'><strong>psoosd</strong></span> <span class='ocrx_word' id='word_1_87' title='bbox 750 1735 766 1770; x_wconf 86' lang='lat' dir='ltr'><strong>a</strong></span> <span class='ocrx_word' id='word_1_88' title='bbox 773 1723 856 1785; x_wconf 76' lang='lat' dir='ltr'><strong>putria</strong></span> <span class='ocrx_word' id='word_1_89' title='bbox 871 1722 939 1771; x_wconf 77' lang='lat' dir='ltr'><strong>eurio</strong></span> <span class='ocrx_word' id='word_1_90' title='bbox 955 1721 1045 1772; x_wconf 63' lang='lat' dir='ltr'><strong>dinero</strong></span> <span class='ocrx_word' id='word_1_91' title='bbox 1061 1723 1093 1772; x_wconf 87' lang='lat' dir='ltr'><strong>od</strong></span> <span class='ocrx_word' id='word_1_92' title='bbox 1107 1721 1176 1771; x_wconf 72' lang='lat' dir='ltr'><strong>sosio</strong></span> <span class='ocrx_word' id='word_1_93' title='bbox 1195 1723 1248 1771; x_wconf 80' lang='lat' dir='ltr'><strong>loeo</strong></span> 
     </span>
     <span class='ocr_line' id='line_1_16' title="bbox 141 1795 264 1833; baseline 0 0"><span class='ocrx_word' id='word_1_94' title='bbox 141 1795 155 1829; x_wconf 82' lang='lat' dir='ltr'><strong>s·</strong></span> <span class='ocrx_word' id='word_1_95' title='bbox 258 1817 264 1833; x_wconf 92' lang='lat'><em>.</em></span> 
     </span>
    </p>
   </div>
   <div class='ocr_carea' id='block_1_4' title="bbox 606 1862 783 1883">
    <p class='ocr_par' dir='ltr' id='par_1_12' title="bbox 606 1862 783 1883">
     <span class='ocr_line' id='line_1_17' title="bbox 606 1862 783 1883; baseline 0 0"><span class='ocrx_word' id='word_1_96' title='bbox 606 1862 783 1883; x_wconf 61' lang='lat' dir='ltr'><strong>mm</strong></span> 
     </span>
    </p>
   </div>
   <div class='ocr_carea' id='block_1_5' title="bbox 141 1940 1252 2314">
    <p class='ocr_par' dir='ltr' id='par_1_13' title="bbox 141 1940 1252 2314">
     <span class='ocr_line' id='line_1_18' title="bbox 175 1940 1252 2009; baseline 0.006 -19"><span class='ocrx_word' id='word_1_97' title='bbox 175 1945 191 1990; x_wconf 76' lang='lat' dir='ltr'><strong>t</strong></span> <span class='ocrx_word' id='word_1_98' title='bbox 209 1940 315 1992; x_wconf 74' lang='lat' dir='ltr'><strong>Maseli.</strong></span> <span class='ocrx_word' id='word_1_99' title='bbox 325 1955 342 1993; x_wconf 92' lang='lat' dir='ltr'><strong>e</strong></span> <span class='ocrx_word' id='word_1_100' title='bbox 352 1942 463 2008; x_wconf 80' lang='lat' dir='ltr'><strong>vestigio</strong></span> <span class='ocrx_word' id='word_1_101' title='bbox 474 1943 552 1995; x_wconf 84' lang='lat' dir='ltr'><strong>codd.</strong></span> <span class='ocrx_word' id='word_1_102' title='bbox 569 1945 643 2009; x_wconf 89' lang='lat' dir='ltr'><strong>legit,</strong></span> <span class='ocrx_word' id='word_1_103' title='bbox 658 1946 769 1997; x_wconf 77' lang='lat' dir='ltr'><strong>Jssusda</strong></span> <span class='ocrx_word' id='word_1_104' title='bbox 779 1962 801 1997; x_wconf 80' lang='lat' dir='ltr'><strong>a.</strong></span> <span class='ocrx_word' id='word_1_105' title='bbox 814 1961 834 1996; x_wconf 79' lang='lat' dir='ltr'><strong>a.</strong></span> <span class='ocrx_word' id='word_1_106' title='bbox 844 1949 963 1997; x_wconf 73' lang='lat' dir='ltr'><strong>uteru-d</strong></span> <span class='ocrx_word' id='word_1_107' title='bbox 978 1944 1046 1998; x_wconf 82' lang='lat' dir='ltr'><strong>Stat.</strong></span> <span class='ocrx_word' id='word_1_108' title='bbox 1056 1944 1125 2008; x_wconf 80' lang='lat' dir='ltr'><strong>eonj.</strong></span> <span class='ocrx_word' id='word_1_109' title='bbox 1141 1944 1252 2009; x_wconf 66' lang='lat' dir='ltr'><strong>idom.</strong></span> 
     </span>
     <span class='ocr_line' id='line_1_19' title="bbox 142 2005 1248 2080; baseline 0.006 -26"><span class='ocrx_word' id='word_1_110' title='bbox 142 2010 240 2080; x_wconf 60' lang='lat' dir='ltr'><strong>tua-t</strong></span> <span class='ocrx_word' id='word_1_111' title='bbox 259 2005 387 2070; x_wconf 78' lang='lat' dir='ltr'><strong>Nieaoeqae</strong></span> <span class='ocrx_word' id='word_1_112' title='bbox 401 2023 460 2070; x_wconf 82' lang='lat' dir='ltr'><strong>oger</strong></span> <span class='ocrx_word' id='word_1_113' title='bbox 477 2010 547 2058; x_wconf 78' lang='lat' dir='ltr'><strong>ruder</strong></span> <span class='ocrx_word' id='word_1_114' title='bbox 557 2011 585 2060; x_wconf 92' lang='lat' dir='ltr'><strong>in</strong></span> <span class='ocrx_word' id='word_1_115' title='bbox 595 2011 725 2061; x_wconf 70' lang='lat' dir='ltr'><strong>nonnullis</strong></span> <span class='ocrx_word' id='word_1_116' title='bbox 737 2010 798 2061; x_wconf 89' lang='lat' dir='ltr'><strong>edd.</strong></span> <span class='ocrx_word' id='word_1_117' title='bbox 810 2017 874 2061; x_wconf 84' lang='lat' dir='ltr'><strong>vett.</strong></span> <span class='ocrx_word' id='word_1_118' title='bbox 889 2009 946 2059; x_wconf 77' lang='lat' dir='ltr'><strong>ulei·</strong></span> <span class='ocrx_word' id='word_1_119' title='bbox 956 2009 1008 2073; x_wconf 84' lang='lat' dir='ltr'><strong>legi</strong></span> <span class='ocrx_word' id='word_1_120' title='bbox 1015 2008 1095 2073; x_wconf 86' lang='lat' dir='ltr'><strong>jussit</strong></span> <span class='ocrx_word' id='word_1_121' title='bbox 1108 2007 1206 2060; x_wconf 81' lang='lat' dir='ltr'><strong>Avaut.</strong></span> <span class='ocrx_word' id='word_1_122' title='bbox 1217 2011 1248 2060; x_wconf 90' lang='lat' dir='ltr'><strong>in</strong></span> 
     </span>
     <span class='ocr_line' id='line_1_20' title="bbox 142 2068 1248 2144; baseline 0.005 -26"><span class='ocrx_word' id='word_1_123' title='bbox 142 2068 296 2144; x_wconf 72' lang='lat' dir='ltr'><strong>qtubusdum</strong></span> <span class='ocrx_word' id='word_1_124' title='bbox 306 2071 492 2122; x_wconf 61' lang='lat' dir='ltr'><strong>estimem-11</strong></span> <span class='ocrx_word' id='word_1_125' title='bbox 511 2072 543 2123; x_wconf 87' lang='lat' dir='ltr'><strong>In</strong></span> <span class='ocrx_word' id='word_1_126' title='bbox 564 2074 624 2125; x_wconf 91' lang='lat' dir='ltr'><strong>edd.</strong></span> <span class='ocrx_word' id='word_1_127' title='bbox 647 2081 712 2124; x_wconf 83' lang='lat' dir='ltr'><strong>vett.</strong></span> <span class='ocrx_word' id='word_1_128' title='bbox 731 2081 760 2124; x_wconf 86' lang='lat' dir='ltr'><strong>et</strong></span> <span class='ocrx_word' id='word_1_129' title='bbox 778 2073 904 2124; x_wconf 73' lang='lat' dir='ltr'><strong>nonnullis</strong></span> <span class='ocrx_word' id='word_1_130' title='bbox 921 2073 999 2123; x_wconf 84' lang='lat' dir='ltr'><strong>codd.</strong></span> <span class='ocrx_word' id='word_1_131' title='bbox 1022 2078 1090 2123; x_wconf 84' lang='lat' dir='ltr'><strong>teste</strong></span> <span class='ocrx_word' id='word_1_132' title='bbox 1106 2071 1154 2122; x_wconf 85' lang='lat' dir='ltr'><strong>Ed.</strong></span> <span class='ocrx_word' id='word_1_133' title='bbox 1167 2073 1248 2124; x_wconf 81' lang='lat' dir='ltr'><strong>caut.</strong></span> 
     </span>
     <span class='ocr_line' id='line_1_21' title="bbox 141 2132 1248 2203; baseline 0.005 -21"><span class='ocrx_word' id='word_1_134' title='bbox 141 2132 258 2183; x_wconf 73' lang='lat' dir='ltr'><strong>naam</strong></span> <span class='ocrx_word' id='word_1_135' title='bbox 274 2134 349 2184; x_wconf 76' lang='lat' dir='ltr'><strong>soria</strong></span> <span class='ocrx_word' id='word_1_136' title='bbox 365 2135 421 2198; x_wconf 77' lang='lat' dir='ltr'><strong>oie,</strong></span> <span class='ocrx_word' id='word_1_137' title='bbox 438 2150 514 2201; x_wconf 90' lang='lat' dir='ltr'><strong>quam</strong></span> <span class='ocrx_word' id='word_1_138' title='bbox 531 2139 592 2188; x_wconf 86' lang='lat' dir='ltr'><strong>leot.</strong></span> <span class='ocrx_word' id='word_1_139' title='bbox 609 2144 699 2188; x_wconf 82' lang='lat' dir='ltr'><strong>servat</strong></span> <span class='ocrx_word' id='word_1_140' title='bbox 717 2139 796 2203; x_wconf 81' lang='lat' dir='ltr'><strong>vulp.</strong></span> <span class='ocrx_word' id='word_1_141' title='bbox 834 2138 935 2188; x_wconf 81' lang='lat' dir='ltr'><strong>Diserte</strong></span> <span class='ocrx_word' id='word_1_142' title='bbox 952 2137 1020 2188; x_wconf 81' lang='lat' dir='ltr'><strong>ouria</strong></span> <span class='ocrx_word' id='word_1_143' title='bbox 1036 2136 1102 2186; x_wconf 87' lang='lat' dir='ltr'><strong>liber</strong></span> <span class='ocrx_word' id='word_1_144' title='bbox 1112 2136 1206 2187; x_wconf 83' lang='lat' dir='ltr'><strong>Heius.</strong></span> <span class='ocrx_word' id='word_1_145' title='bbox 1219 2138 1248 2187; x_wconf 90' lang='lat' dir='ltr'><strong>iu</strong></span> 
     </span>
     <span class='ocr_line' id='line_1_22' title="bbox 141 2195 1246 2277; baseline 0.005 -30"><span class='ocrx_word' id='word_1_146' title='bbox 141 2195 208 2258; x_wconf 86' lang='lat' dir='ltr'><strong>allis,</strong></span> <span class='ocrx_word' id='word_1_147' title='bbox 225 2196 335 2247; x_wconf 75' lang='lat' dir='ltr'><strong>Diverso</strong></span> <span class='ocrx_word' id='word_1_148' title='bbox 349 2198 424 2262; x_wconf 70' lang='lat' dir='ltr'><strong>mio,</strong></span> <span class='ocrx_word' id='word_1_149' title='bbox 442 2201 495 2277; x_wconf 71' lang='lat' dir='ltr'><strong>vel,</strong></span> <span class='ocrx_word' id='word_1_150' title='bbox 510 2202 620 2252; x_wconf 77' lang='lat' dir='ltr'><strong>Diverso</strong></span> <span class='ocrx_word' id='word_1_151' title='bbox 637 2203 711 2268; x_wconf 75' lang='lat' dir='ltr'><strong>amis,</strong></span> <span class='ocrx_word' id='word_1_152' title='bbox 719 2203 771 2265; x_wconf 82' lang='lat' dir='ltr'><strong>vel,</strong></span> <span class='ocrx_word' id='word_1_153' title='bbox 782 2203 891 2253; x_wconf 69' lang='lat' dir='ltr'><strong>Dueraoe</strong></span> <span class='ocrx_word' id='word_1_154' title='bbox 901 2206 925 2252; x_wconf 84' lang='lat' dir='ltr'><strong>et</strong></span> <span class='ocrx_word' id='word_1_155' title='bbox 935 2201 1018 2252; x_wconf 74' lang='lat' dir='ltr'><strong>amia.</strong></span> <span class='ocrx_word' id='word_1_156' title='bbox 1044 2201 1119 2252; x_wconf 65' lang='lat' dir='ltr'><strong>lieet.</strong></span> <span class='ocrx_word' id='word_1_157' title='bbox 1129 2206 1246 2257; x_wconf 82' lang='lat' dir='ltr'><strong>nostram</strong></span> 
     </span>
     <span class='ocr_line' id='line_1_23' title="bbox 141 2263 503 2314; baseline 0.008 -4"><span class='ocrx_word' id='word_1_158' title='bbox 141 2265 274 2310; x_wconf 82' lang='lat' dir='ltr'><strong>testantur</strong></span> <span class='ocrx_word' id='word_1_159' title='bbox 284 2275 374 2312; x_wconf 85' lang='lat' dir='ltr'><strong>omues</strong></span> <span class='ocrx_word' id='word_1_160' title='bbox 385 2263 503 2314; x_wconf 83' lang='lat' dir='ltr'><strong>Statiani.</strong></span> 
     </span>
    </p>
   </div>
   <div class='ocr_carea' id='block_1_6' title="bbox 116 2423 1247 4232">
    <p class='ocr_par' dir='ltr' id='par_1_14' title="bbox 116 2423 1247 4232">
     <span class='ocr_line' id='line_1_24' title="bbox 140 2423 1245 2492; baseline 0.004 -20"><span class='ocrx_word' id='word_1_161' title='bbox 140 2423 371 2491; x_wconf 81' lang='lat' dir='ltr'><strong>gusjamsunt,ut</strong></span> <span class='ocrx_word' id='word_1_162' title='bbox 388 2426 560 2492; x_wconf 82' lang='lat' dir='ltr'><strong>oumegelida</strong></span> <span class='ocrx_word' id='word_1_163' title='bbox 575 2428 672 2479; x_wconf 76' lang='lat' dir='ltr'><strong>dicitur</strong></span> <span class='ocrx_word' id='word_1_164' title='bbox 714 2427 746 2477; x_wconf 92' lang='lat' dir='ltr'><strong>ad</strong></span> <span class='ocrx_word' id='word_1_165' title='bbox 767 2426 907 2478; x_wconf 72' lang='lat' dir='ltr'><strong>Ascanium</strong></span> <span class='ocrx_word' id='word_1_166' title='bbox 932 2426 1025 2490; x_wconf 83' lang='lat' dir='ltr'><strong>laeum,</strong></span> <span class='ocrx_word' id='word_1_167' title='bbox 1045 2438 1122 2490; x_wconf 87' lang='lat' dir='ltr'><strong>quam</strong></span> <span class='ocrx_word' id='word_1_168' title='bbox 1144 2424 1245 2487; x_wconf 72' lang='lat' dir='ltr'><strong>nunus</strong></span> 
     </span>
     <span class='ocr_line' id='line_1_25' title="bbox 139 2498 1245 2568; baseline 0.001 -19"><span class='ocrx_word' id='word_1_169' title='bbox 139 2511 217 2565; x_wconf 80' lang='lat' dir='ltr'><strong>aque,</strong></span> <span class='ocrx_word' id='word_1_170' title='bbox 229 2501 673 2568; x_wconf 82' lang='lat' dir='ltr'><strong>eumineipitoulefieri,etjomest</strong></span> <span class='ocrx_word' id='word_1_171' title='bbox 712 2501 861 2567; x_wconf 79' lang='lat' dir='ltr'><strong>Antigonus</strong></span> <span class='ocrx_word' id='word_1_172' title='bbox 887 2500 1005 2565; x_wconf 85' lang='lat' dir='ltr'><strong>Philippi</strong></span> <span class='ocrx_word' id='word_1_173' title='bbox 1025 2498 1094 2549; x_wconf 88' lang='lat' dir='ltr'><strong>filius</strong></span> <span class='ocrx_word' id='word_1_174' title='bbox 1115 2499 1245 2562; x_wconf 78' lang='lat' dir='ltr'><strong>condidit,</strong></span> 
     </span>
     <span class='ocr_line' id='line_1_26' title="bbox 139 2575 1247 2643; baseline -0.001 -18"><span class='ocrx_word' id='word_1_175' title='bbox 139 2575 672 2643; x_wconf 60' lang='lat' dir='ltr'><strong>tepldnutlaabetSuetoniusinAugusto</strong></span> <span class='ocrx_word' id='word_1_176' title='bbox 712 2577 930 2642; x_wconf 83' lang='lat' dir='ltr'><strong>Antigoniamque</strong></span> <span class='ocrx_word' id='word_1_177' title='bbox 958 2575 1116 2639; x_wconf 77' lang='lat' dir='ltr'><strong>appellavit3</strong></span> <span class='ocrx_word' id='word_1_178' title='bbox 1150 2579 1247 2638; x_wconf 84' lang='lat' dir='ltr'><strong>postea</strong></span> 
     </span>
     <span class='ocr_line' id='line_1_27' title="bbox 140 2649 1246 2719; baseline -0.002 -16"><span class='ocrx_word' id='word_1_179' title='bbox 140 2663 200 2715; x_wconf 74' lang='lat' dir='ltr'><strong>esp.</strong></span> <span class='ocrx_word' id='word_1_180' title='bbox 212 2654 252 2703; x_wconf 70' lang='lat'><strong>82.</strong></span> <span class='ocrx_word' id='word_1_181' title='bbox 268 2652 405 2704; x_wconf 77' lang='lat' dir='ltr'><strong>‘sudabat</strong></span> <span class='ocrx_word' id='word_1_182' title='bbox 421 2654 454 2704; x_wconf 83' lang='lat' dir='ltr'><strong>od</strong></span> <span class='ocrx_word' id='word_1_183' title='bbox 471 2653 610 2719; x_wconf 83' lang='lat' dir='ltr'><strong>flammam,</strong></span> <span class='ocrx_word' id='word_1_184' title='bbox 626 2654 672 2705; x_wconf 90' lang='lat' dir='ltr'><strong>de·</strong></span> <span class='ocrx_word' id='word_1_185' title='bbox 711 2653 889 2717; x_wconf 81' lang='lat' dir='ltr'><strong>Lysimachus,</strong></span> <span class='ocrx_word' id='word_1_186' title='bbox 900 2666 916 2701; x_wconf 89' lang='lat' dir='ltr'><strong>a</strong></span> <span class='ocrx_word' id='word_1_187' title='bbox 927 2649 1246 2714; x_wconf 76' lang='lat' dir='ltr'><strong>uomiueuxorisAntipa·</strong></span> 
     </span>
     <span class='ocr_line' id='line_1_28' title="bbox 138 2724 1245 2793; baseline 0 -17"><span class='ocrx_word' id='word_1_188' title='bbox 138 2724 200 2777; x_wconf 89' lang='lat' dir='ltr'><strong>iude</strong></span> <span class='ocrx_word' id='word_1_189' title='bbox 211 2725 420 2791; x_wconf 80' lang='lat' dir='ltr'><strong>perfundebatur</strong></span> <span class='ocrx_word' id='word_1_190' title='bbox 428 2727 532 2792; x_wconf 89' lang='lat' dir='ltr'><strong>egelida</strong></span> <span class='ocrx_word' id='word_1_191' title='bbox 543 2742 619 2793; x_wconf 87' lang='lat' dir='ltr'><strong>aqua,</strong></span> <span class='ocrx_word' id='word_1_192' title='bbox 629 2728 671 2778; x_wconf 82' lang='lat' dir='ltr'><strong>vel</strong></span> <span class='ocrx_word' id='word_1_193' title='bbox 713 2729 748 2779; x_wconf 85' lang='lat' dir='ltr'><strong>tri</strong></span> <span class='ocrx_word' id='word_1_194' title='bbox 768 2729 838 2792; x_wconf 77' lang='lat' dir='ltr'><strong>filiae,</strong></span> <span class='ocrx_word' id='word_1_195' title='bbox 859 2727 978 2777; x_wconf 75' lang='lat' dir='ltr'><strong>Niooeam</strong></span> <span class='ocrx_word' id='word_1_196' title='bbox 1000 2724 1084 2775; x_wconf 84' lang='lat' dir='ltr'><strong>voluit</strong></span> <span class='ocrx_word' id='word_1_197' title='bbox 1105 2725 1245 2785; x_wconf 79' lang='lat' dir='ltr'><strong>nominari.</strong></span> 
     </span>
     <span class='ocr_line' id='line_1_29' title="bbox 138 2799 1246 2868; baseline 0 -16"><span class='ocrx_word' id='word_1_198' title='bbox 138 2799 200 2852; x_wconf 81' lang='lat' dir='ltr'><strong>Sole</strong></span> <span class='ocrx_word' id='word_1_199' title='bbox 211 2803 445 2854; x_wconf 80' lang='lat' dir='ltr'><strong>multoealefaota.&#39;</strong></span> <span class='ocrx_word' id='word_1_200' title='bbox 470 2802 619 2868; x_wconf 71' lang='lat' dir='ltr'><strong>Aliquando</strong></span> <span class='ocrx_word' id='word_1_201' title='bbox 628 2817 671 2853; x_wconf 84' lang='lat' dir='ltr'><strong>ve·</strong></span> <span class='ocrx_word' id='word_1_202' title='bbox 713 2805 757 2853; x_wconf 88' lang='lat' dir='ltr'><strong>De</strong></span> <span class='ocrx_word' id='word_1_203' title='bbox 766 2804 816 2853; x_wconf 84' lang='lat' dir='ltr'><strong>hae</strong></span> <span class='ocrx_word' id='word_1_204' title='bbox 827 2803 896 2854; x_wconf 86' lang='lat' dir='ltr'><strong>Pliu.</strong></span> <span class='ocrx_word' id='word_1_205' title='bbox 905 2801 953 2853; x_wconf 86' lang='lat' dir='ltr'><strong>lib.</strong></span> <span class='ocrx_word' id='word_1_206' title='bbox 963 2815 991 2851; x_wconf 84' lang='lat' dir='ltr'><strong>v.</strong></span> <span class='ocrx_word' id='word_1_207' title='bbox 1003 2815 1062 2864; x_wconf 80' lang='lat' dir='ltr'><strong>cap.</strong></span> <span class='ocrx_word' id='word_1_208' title='bbox 1074 2800 1174 2851; x_wconf 90' lang='lat' dir='ltr'><strong>ultimo.</strong></span> <span class='ocrx_word' id='word_1_209' title='bbox 1206 2801 1246 2852; x_wconf 82' lang='lat' dir='ltr'><strong>Et</strong></span> 
     </span>
     <span class='ocr_line' id='line_1_30' title="bbox 139 2876 1244 2942; baseline 0 -16"><span class='ocrx_word' id='word_1_210' title='bbox 139 2890 169 2926; x_wconf 83' lang='lat' dir='ltr'><strong>ro</strong></span> <span class='ocrx_word' id='word_1_211' title='bbox 180 2876 248 2927; x_wconf 84' lang='lat' dir='ltr'><strong>idem</strong></span> <span class='ocrx_word' id='word_1_212' title='bbox 260 2884 301 2928; x_wconf 87' lang='lat' dir='ltr'><strong>est</strong></span> <span class='ocrx_word' id='word_1_213' title='bbox 316 2876 463 2942; x_wconf 84' lang='lat' dir='ltr'><strong>‘egelidus&#39;</strong></span> <span class='ocrx_word' id='word_1_214' title='bbox 474 2893 505 2928; x_wconf 87' lang='lat' dir='ltr'><strong>ao</strong></span> <span class='ocrx_word' id='word_1_215' title='bbox 521 2878 615 2929; x_wconf 82' lang='lat' dir='ltr'><strong>‘valde</strong></span> <span class='ocrx_word' id='word_1_216' title='bbox 627 2892 672 2942; x_wconf 84' lang='lat' dir='ltr'><strong>ge·</strong></span> <span class='ocrx_word' id='word_1_217' title='bbox 711 2879 805 2929; x_wconf 85' lang='lat' dir='ltr'><strong>Strabo</strong></span> <span class='ocrx_word' id='word_1_218' title='bbox 817 2877 863 2929; x_wconf 91' lang='lat' dir='ltr'><strong>lib.</strong></span> <span class='ocrx_word' id='word_1_219' title='bbox 876 2891 929 2928; x_wconf 77' lang='grc' dir='ltr'><strong>ιιι.</strong></span> <span class='ocrx_word' id='word_1_220' title='bbox 966 2877 1072 2926; x_wconf 83' lang='lat' dir='ltr'><strong>Dicitur</strong></span> <span class='ocrx_word' id='word_1_221' title='bbox 1095 2876 1244 2928; x_wconf 76' lang='lat' dir='ltr'><strong>‘aeatuosu&#39;</strong></span> 
     </span>
     <span class='ocr_line' id='line_1_31' title="bbox 138 2947 1244 3021; baseline 0.002 -21"><span class='ocrx_word' id='word_1_222' title='bbox 138 2951 226 3014; x_wconf 90' lang='lat' dir='ltr'><strong>lidus,&#39;</strong></span> <span class='ocrx_word' id='word_1_223' title='bbox 243 2947 311 3003; x_wconf 79' lang='lat' dir='ltr'><strong>sieut</strong></span> <span class='ocrx_word' id='word_1_224' title='bbox 326 2953 449 3013; x_wconf 84' lang='lat' dir='ltr'><strong>‘edorns,</strong></span> <span class='ocrx_word' id='word_1_225' title='bbox 467 2951 559 3003; x_wconf 86' lang='lat' dir='ltr'><strong>‘valde</strong></span> <span class='ocrx_word' id='word_1_226' title='bbox 572 2953 669 3015; x_wconf 85' lang='lat' dir='ltr'><strong>durus,&#39;</strong></span> <span class='ocrx_word' id='word_1_227' title='bbox 712 2955 825 3016; x_wconf 87' lang='lat' dir='ltr'><strong>Catullo,</strong></span> <span class='ocrx_word' id='word_1_228' title='bbox 836 2952 904 3021; x_wconf 90' lang='lat' dir='ltr'><strong>quod</strong></span> <span class='ocrx_word' id='word_1_229' title='bbox 915 2953 952 3003; x_wconf 90' lang='lat' dir='ltr'><strong>ibi</strong></span> <span class='ocrx_word' id='word_1_230' title='bbox 964 2952 1009 3002; x_wconf 69' lang='lat' dir='ltr'><strong>adr</strong></span> <span class='ocrx_word' id='word_1_231' title='bbox 1020 2951 1111 3002; x_wconf 81' lang='lat' dir='ltr'><strong>aestivo</strong></span> <span class='ocrx_word' id='word_1_232' title='bbox 1123 2957 1244 3016; x_wconf 83' lang='lat' dir='ltr'><strong>tempore</strong></span> 
     </span>
     <span class='ocr_line' id='line_1_32' title="bbox 138 3026 1245 3093; baseline -0.002 -15"><span class='ocrx_word' id='word_1_233' title='bbox 138 3035 170 3079; x_wconf 90' lang='lat' dir='ltr'><strong>ut</strong></span> <span class='ocrx_word' id='word_1_234' title='bbox 181 3029 219 3079; x_wconf 86' lang='lat' dir='ltr'><strong>ait</strong></span> <span class='ocrx_word' id='word_1_235' title='bbox 230 3029 334 3080; x_wconf 81' lang='lat' dir='ltr'><strong>Servius</strong></span> <span class='ocrx_word' id='word_1_236' title='bbox 345 3029 378 3080; x_wconf 93' lang='lat' dir='ltr'><strong>ad</strong></span> <span class='ocrx_word' id='word_1_237' title='bbox 384 3029 444 3081; x_wconf 82' lang='lat' dir='ltr'><strong>AEu.</strong></span> <span class='ocrx_word' id='word_1_238' title='bbox 452 3043 515 3080; x_wconf 83' lang='lat' dir='ltr'><strong>vm.</strong></span> <span class='ocrx_word' id='word_1_239' title='bbox 525 3030 670 3093; x_wconf 82' lang='lat' dir='ltr'><strong>Utramque</strong></span> <span class='ocrx_word' id='word_1_240' title='bbox 711 3044 763 3080; x_wconf 89' lang='lat' dir='ltr'><strong>nou</strong></span> <span class='ocrx_word' id='word_1_241' title='bbox 774 3030 808 3079; x_wconf 90' lang='lat' dir='ltr'><strong>sit</strong></span> <span class='ocrx_word' id='word_1_242' title='bbox 821 3027 959 3079; x_wconf 86' lang='lat' dir='ltr'><strong>admodum</strong></span> <span class='ocrx_word' id='word_1_243' title='bbox 972 3026 1076 3078; x_wconf 81' lang='lat' dir='ltr'><strong>saluber</strong></span> <span class='ocrx_word' id='word_1_244' title='bbox 1087 3043 1094 3076; x_wconf 73' lang='grc' dir='ltr'><strong>ι</strong></span> <span class='ocrx_word' id='word_1_245' title='bbox 1113 3027 1181 3077; x_wconf 86' lang='lat' dir='ltr'><strong>uude</strong></span> <span class='ocrx_word' id='word_1_246' title='bbox 1191 3027 1245 3078; x_wconf 84' lang='lat' dir='ltr'><strong>eti·</strong></span> 
     </span>
     <span class='ocr_line' id='line_1_33' title="bbox 139 3102 1244 3169; baseline -0.001 -15"><span class='ocrx_word' id='word_1_247' title='bbox 139 3104 259 3156; x_wconf 70' lang='lat' dir='ltr'><strong>vocabuli</strong></span> <span class='ocrx_word' id='word_1_248' title='bbox 270 3104 485 3169; x_wconf 79' lang='lat' dir='ltr'><strong>significationem</strong></span> <span class='ocrx_word' id='word_1_249' title='bbox 499 3105 575 3155; x_wconf 88' lang='lat' dir='ltr'><strong>unico</strong></span> <span class='ocrx_word' id='word_1_250' title='bbox 594 3119 671 3154; x_wconf 81' lang='lat' dir='ltr'><strong>versu</strong></span> <span class='ocrx_word' id='word_1_251' title='bbox 712 3120 753 3154; x_wconf 87' lang='lat' dir='ltr'><strong>am</strong></span> <span class='ocrx_word' id='word_1_252' title='bbox 770 3104 887 3155; x_wconf 88' lang='lat' dir='ltr'><strong>nonnulli</strong></span> <span class='ocrx_word' id='word_1_253' title='bbox 905 3103 995 3153; x_wconf 83' lang='lat' dir='ltr'><strong>volunt</strong></span> <span class='ocrx_word' id='word_1_254' title='bbox 1005 3117 1022 3152; x_wconf 87' lang='lat' dir='ltr'><strong>a</strong></span> <span class='ocrx_word' id='word_1_255' title='bbox 1032 3102 1118 3154; x_wconf 64' lang='lat' dir='ltr'><strong>Poeta</strong></span> <span class='ocrx_word' id='word_1_256' title='bbox 1128 3103 1244 3153; x_wconf 73' lang='lat' dir='ltr'><strong>eslim</strong></span> 
     </span>
     <span class='ocr_line' id='line_1_34' title="bbox 139 3177 771 3243; baseline 0.008 -17"><span class='ocrx_word' id='word_1_257' title='bbox 139 3179 289 3243; x_wconf 82' lang='lat' dir='ltr'><strong>complexus</strong></span> <span class='ocrx_word' id='word_1_258' title='bbox 307 3185 350 3229; x_wconf 85' lang='lat' dir='ltr'><strong>est</strong></span> <span class='ocrx_word' id='word_1_259' title='bbox 360 3179 440 3230; x_wconf 83' lang='lat' dir='ltr'><strong>ovid.</strong></span> <span class='ocrx_word' id='word_1_260' title='bbox 455 3177 607 3242; x_wconf 79' lang='lat' dir='ltr'><strong>‘Egeliduui</strong></span> <span class='ocrx_word' id='word_1_261' title='bbox 618 3179 670 3229; x_wconf 88' lang='lat' dir='ltr'><strong>Bo·</strong></span> <span class='ocrx_word' id='word_1_262' title='bbox 709 3179 771 3231; x_wconf 86' lang='lat' dir='ltr'><strong>dici.</strong></span> 
     </span>
     <span class='ocr_line' id='line_1_35' title="bbox 116 3252 1246 3320; baseline 0 -16"><span class='ocrx_word' id='word_1_263' title='bbox 116 3266 218 3316; x_wconf 54' lang='lat' dir='ltr'><strong>&#39;ream,</strong></span> <span class='ocrx_word' id='word_1_264' title='bbox 228 3254 411 3320; x_wconf 85' lang='lat' dir='ltr'><strong>egelidumque</strong></span> <span class='ocrx_word' id='word_1_265' title='bbox 423 3254 540 3305; x_wconf 72' lang='lat' dir='ltr'><strong>Notum!</strong></span> <span class='ocrx_word' id='word_1_266' title='bbox 693 3287 695 3293; x_wconf 90' lang='lat'><em>·</em></span> <span class='ocrx_word' id='word_1_267' title='bbox 742 3256 901 3306; x_wconf 77' lang='lat' dir='ltr'><strong>dAdclorus</strong></span> <span class='ocrx_word' id='word_1_268' title='bbox 912 3252 1173 3319; x_wconf 74' lang='lat' dir='ltr'><strong>Adoeuolemuaurles]</strong></span> <span class='ocrx_word' id='word_1_269' title='bbox 1188 3253 1246 3304; x_wconf 85' lang='lat' dir='ltr'><strong>Du·</strong></span> 
     </span>
     <span class='ocr_line' id='line_1_36' title="bbox 169 3329 1242 3398; baseline 0 -18"><span class='ocrx_word' id='word_1_270' title='bbox 169 3337 185 3380; x_wconf 89' lang='lat' dir='ltr'><strong>tl</strong></span> <span class='ocrx_word' id='word_1_271' title='bbox 204 3331 322 3396; x_wconf 67' lang='lat' dir='ltr'><strong>Zephyre]</strong></span> <span class='ocrx_word' id='word_1_272' title='bbox 337 3333 439 3383; x_wconf 83' lang='lat' dir='ltr'><strong>Ventus</strong></span> <span class='ocrx_word' id='word_1_273' title='bbox 447 3339 488 3383; x_wconf 83' lang='lat' dir='ltr'><strong>est</strong></span> <span class='ocrx_word' id='word_1_274' title='bbox 496 3329 669 3398; x_wconf 79' lang='lat' dir='ltr'><strong>AEquiuuetia·</strong></span> <span class='ocrx_word' id='word_1_275' title='bbox 710 3332 771 3396; x_wconf 84' lang='lat' dir='ltr'><strong>plex</strong></span> <span class='ocrx_word' id='word_1_276' title='bbox 783 3339 825 3382; x_wconf 90' lang='lat' dir='ltr'><strong>est</strong></span> <span class='ocrx_word' id='word_1_277' title='bbox 838 3331 909 3394; x_wconf 86' lang='lat' dir='ltr'><strong>Asia,</strong></span> <span class='ocrx_word' id='word_1_278' title='bbox 924 3330 1008 3394; x_wconf 83' lang='lat' dir='ltr'><strong>major</strong></span> <span class='ocrx_word' id='word_1_279' title='bbox 1017 3335 1046 3380; x_wconf 87' lang='lat' dir='ltr'><strong>et</strong></span> <span class='ocrx_word' id='word_1_280' title='bbox 1062 3329 1154 3380; x_wconf 82' lang='lat' dir='ltr'><strong>minor.</strong></span> <span class='ocrx_word' id='word_1_281' title='bbox 1188 3330 1242 3380; x_wconf 89' lang='lat' dir='ltr'><strong>Sed</strong></span> 
     </span>
     <span class='ocr_line' id='line_1_37' title="bbox 136 3404 1243 3473; baseline 0.002 -19"><span class='ocrx_word' id='word_1_282' title='bbox 136 3406 170 3455; x_wconf 89' lang='lat' dir='ltr'><strong>lis</strong></span> <span class='ocrx_word' id='word_1_283' title='bbox 182 3412 273 3471; x_wconf 85' lang='lat' dir='ltr'><strong>tepens</strong></span> <span class='ocrx_word' id='word_1_284' title='bbox 283 3413 311 3458; x_wconf 87' lang='lat' dir='ltr'><strong>et</strong></span> <span class='ocrx_word' id='word_1_285' title='bbox 318 3407 459 3471; x_wconf 86' lang='lat' dir='ltr'><strong>jucundus,</strong></span> <span class='ocrx_word' id='word_1_286' title='bbox 469 3409 512 3473; x_wconf 92' lang='lat' dir='ltr'><strong>qui</strong></span> <span class='ocrx_word' id='word_1_287' title='bbox 523 3408 570 3460; x_wconf 92' lang='lat' dir='ltr'><strong>sub</strong></span> <span class='ocrx_word' id='word_1_288' title='bbox 582 3408 668 3473; x_wconf 81' lang='lat' dir='ltr'><strong>AEqui·</strong></span> <span class='ocrx_word' id='word_1_289' title='bbox 709 3423 798 3458; x_wconf 81' lang='lat' dir='ltr'><strong>rursus</strong></span> <span class='ocrx_word' id='word_1_290' title='bbox 817 3407 843 3457; x_wconf 91' lang='lat' dir='ltr'><strong>iu</strong></span> <span class='ocrx_word' id='word_1_291' title='bbox 856 3407 920 3456; x_wconf 82' lang='lat' dir='ltr'><strong>Asin</strong></span> <span class='ocrx_word' id='word_1_292' title='bbox 938 3406 1031 3455; x_wconf 83' lang='lat' dir='ltr'><strong>minori</strong></span> <span class='ocrx_word' id='word_1_293' title='bbox 1049 3404 1243 3456; x_wconf 70' lang='lat' dir='ltr'><strong>Provinciam</strong></span> 
     </span>
     <span class='ocr_line' id='line_1_38' title="bbox 136 3480 1243 3549; baseline 0.002 -20"><span class='ocrx_word' id='word_1_294' title='bbox 136 3482 253 3530; x_wconf 81' lang='lat' dir='ltr'><strong>noctium</strong></span> <span class='ocrx_word' id='word_1_295' title='bbox 263 3492 371 3533; x_wconf 82' lang='lat' dir='ltr'><strong>vernum</strong></span> <span class='ocrx_word' id='word_1_296' title='bbox 382 3483 416 3533; x_wconf 78' lang='lat' dir='ltr'><strong>all</strong></span> <span class='ocrx_word' id='word_1_297' title='bbox 428 3499 522 3534; x_wconf 83' lang='lat' dir='ltr'><strong>occasu</strong></span> <span class='ocrx_word' id='word_1_298' title='bbox 533 3484 624 3549; x_wconf 87' lang='lat' dir='ltr'><strong>spirat.</strong></span> <span class='ocrx_word' id='word_1_299' title='bbox 707 3484 801 3534; x_wconf 84' lang='lat' dir='ltr'><strong>‘Asia’</strong></span> <span class='ocrx_word' id='word_1_300' title='bbox 813 3482 917 3548; x_wconf 82' lang='lat' dir='ltr'><strong>proprie</strong></span> <span class='ocrx_word' id='word_1_301' title='bbox 928 3481 1010 3544; x_wconf 80' lang='lat' dir='ltr'><strong>dictu,</strong></span> <span class='ocrx_word' id='word_1_302' title='bbox 1018 3481 1046 3531; x_wconf 92' lang='lat' dir='ltr'><strong>in</strong></span> <span class='ocrx_word' id='word_1_303' title='bbox 1058 3494 1110 3546; x_wconf 90' lang='lat' dir='ltr'><strong>qua</strong></span> <span class='ocrx_word' id='word_1_304' title='bbox 1126 3480 1166 3531; x_wconf 80' lang='lat' dir='ltr'><strong>hae</strong></span> <span class='ocrx_word' id='word_1_305' title='bbox 1177 3495 1243 3546; x_wconf 77' lang='lat' dir='ltr'><strong>quu-</strong></span> 
     </span>
     <span class='ocr_line' id='line_1_39' title="bbox 168 3557 1243 3623; baseline 0.003 -18"><span class='ocrx_word' id='word_1_306' title='bbox 168 3561 184 3604; x_wconf 77' lang='grc'><strong>4</strong></span> <span class='ocrx_word' id='word_1_307' title='bbox 202 3557 402 3623; x_wconf 73' lang='lat' dir='ltr'><strong>Phrygiieumpl]</strong></span> <span class='ocrx_word' id='word_1_308' title='bbox 413 3559 484 3608; x_wconf 83' lang='lat' dir='ltr'><strong>Asiae</strong></span> <span class='ocrx_word' id='word_1_309' title='bbox 494 3559 598 3609; x_wconf 85' lang='lat' dir='ltr'><strong>minoris</strong></span> <span class='ocrx_word' id='word_1_310' title='bbox 607 3574 667 3623; x_wconf 84' lang='lat' dir='ltr'><strong>pars</strong></span> <span class='ocrx_word' id='word_1_311' title='bbox 709 3567 768 3612; x_wconf 84' lang='lat' dir='ltr'><strong>tuor</strong></span> <span class='ocrx_word' id='word_1_312' title='bbox 780 3561 856 3611; x_wconf 87' lang='lat' dir='ltr'><strong>urbes</strong></span> <span class='ocrx_word' id='word_1_313' title='bbox 875 3559 992 3609; x_wconf 82' lang='lat' dir='ltr'><strong>celebres</strong></span> <span class='ocrx_word' id='word_1_314' title='bbox 1009 3561 1077 3620; x_wconf 88' lang='lat' dir='ltr'><strong>suut,</strong></span> <span class='ocrx_word' id='word_1_315' title='bbox 1092 3571 1243 3622; x_wconf 87' lang='lat' dir='ltr'><strong>quasauu-</strong></span> 
     </span>
     <span class='ocr_line' id='line_1_40' title="bbox 137 3632 1241 3701; baseline 0.002 -19"><span class='ocrx_word' id='word_1_316' title='bbox 137 3640 177 3682; x_wconf 84' lang='lat' dir='ltr'><strong>est</strong></span> <span class='ocrx_word' id='word_1_317' title='bbox 188 3632 314 3697; x_wconf 79' lang='lat' dir='ltr'><strong>Phrygia,</strong></span> <span class='ocrx_word' id='word_1_318' title='bbox 331 3634 425 3698; x_wconf 83' lang='lat' dir='ltr'><strong>Cariae,</strong></span> <span class='ocrx_word' id='word_1_319' title='bbox 444 3634 545 3698; x_wconf 86' lang='lat' dir='ltr'><strong>Lydiae,</strong></span> <span class='ocrx_word' id='word_1_320' title='bbox 561 3635 667 3699; x_wconf 75' lang='lat' dir='ltr'><strong>Mysia,</strong></span> <span class='ocrx_word' id='word_1_321' title='bbox 708 3652 779 3689; x_wconf 86' lang='lat' dir='ltr'><strong>mero</strong></span> <span class='ocrx_word' id='word_1_322' title='bbox 797 3635 969 3701; x_wconf 78' lang='lat' dir='ltr'><strong>‘quadrigam</strong></span> <span class='ocrx_word' id='word_1_323' title='bbox 980 3632 1065 3683; x_wconf 81' lang='lat' dir='ltr'><strong>Asiae&#39;</strong></span> <span class='ocrx_word' id='word_1_324' title='bbox 1084 3641 1161 3684; x_wconf 82' lang='lat' dir='ltr'><strong>vocat</strong></span> <span class='ocrx_word' id='word_1_325' title='bbox 1173 3633 1241 3684; x_wconf 85' lang='lat' dir='ltr'><strong>Pru·</strong></span> 
     </span>
     <span class='ocr_line' id='line_1_41' title="bbox 137 3708 1242 3780; baseline -0.001 -20"><span class='ocrx_word' id='word_1_326' title='bbox 137 3716 164 3759; x_wconf 88' lang='lat' dir='ltr'><strong>et</strong></span> <span class='ocrx_word' id='word_1_327' title='bbox 173 3708 305 3772; x_wconf 66' lang='lat' dir='ltr'><strong>Bithynia</strong></span> <span class='ocrx_word' id='word_1_328' title='bbox 314 3709 484 3772; x_wconf 83' lang='lat' dir='ltr'><strong>contermina,</strong></span> <span class='ocrx_word' id='word_1_329' title='bbox 495 3710 568 3774; x_wconf 84' lang='lat' dir='ltr'><strong>eujus</strong></span> <span class='ocrx_word' id='word_1_330' title='bbox 575 3710 667 3760; x_wconf 86' lang='lat' dir='ltr'><strong>incolae</strong></span> <span class='ocrx_word' id='word_1_331' title='bbox 707 3720 776 3780; x_wconf 85' lang='lat' dir='ltr'><strong>pert.</strong></span> <span class='ocrx_word' id='word_1_332' title='bbox 787 3713 885 3764; x_wconf 86' lang='lat' dir='ltr'><strong>scilieet</strong></span> <span class='ocrx_word' id='word_1_333' title='bbox 896 3713 1024 3777; x_wconf 85' lang='lat' dir='ltr'><strong>Ephesus,</strong></span> <span class='ocrx_word' id='word_1_334' title='bbox 1031 3709 1151 3776; x_wconf 77' lang='lat' dir='ltr'><strong>Smyrna,</strong></span> <span class='ocrx_word' id='word_1_335' title='bbox 1162 3709 1242 3760; x_wconf 86' lang='lat' dir='ltr'><strong>Colo-</strong></span> 
     </span>
     <span class='ocr_line' id='line_1_42' title="bbox 135 3784 944 3856; baseline 0.006 -21"><span class='ocrx_word' id='word_1_336' title='bbox 135 3784 200 3836; x_wconf 85' lang='lat' dir='ltr'><strong>dluti</strong></span> <span class='ocrx_word' id='word_1_337' title='bbox 227 3790 288 3836; x_wconf 85' lang='lat' dir='ltr'><strong>sunt</strong></span> <span class='ocrx_word' id='word_1_338' title='bbox 314 3784 444 3849; x_wconf 77' lang='lat' dir='ltr'><strong>Phryges.</strong></span> <span class='ocrx_word' id='word_1_339' title='bbox 477 3785 589 3838; x_wconf 82' lang='lat' dir='ltr'><strong>Quidam</strong></span> <span class='ocrx_word' id='word_1_340' title='bbox 616 3800 664 3849; x_wconf 84' lang='lat' dir='ltr'><strong>pro</strong></span> <span class='ocrx_word' id='word_1_341' title='bbox 705 3789 944 3856; x_wconf 65' lang='lat' dir='ltr'><strong>plenalunium.</strong></span> 
     </span>
     <span class='ocr_line' id='line_1_43' title="bbox 136 3859 1243 3927; baseline 0 -17"><span class='ocrx_word' id='word_1_342' title='bbox 136 3860 606 3925; x_wconf 68' lang='lat' dir='ltr'><strong>Linquoutsr,legunt,11iquoutur,hoe</strong></span> <span class='ocrx_word' id='word_1_343' title='bbox 617 3868 665 3924; x_wconf 88' lang='lat' dir='ltr'><strong>est,</strong></span> <span class='ocrx_word' id='word_1_344' title='bbox 739 3870 769 3917; x_wconf 88' lang='grc' dir='ltr'><strong>ιι</strong></span> <span class='ocrx_word' id='word_1_345' title='bbox 787 3866 890 3916; x_wconf 75' lang='lat' dir='ltr'><strong>Diverso</strong></span> <span class='ocrx_word' id='word_1_346' title='bbox 900 3862 974 3913; x_wconf 72' lang='lat' dir='ltr'><strong>soria</strong></span> <span class='ocrx_word' id='word_1_347' title='bbox 991 3862 1049 3925; x_wconf 77' lang='lat' dir='ltr'><strong>aio]</strong></span> <span class='ocrx_word' id='word_1_348' title='bbox 1066 3859 1121 3912; x_wconf 89' lang='lat' dir='ltr'><strong>Alii</strong></span> <span class='ocrx_word' id='word_1_349' title='bbox 1137 3860 1243 3927; x_wconf 86' lang='lat' dir='ltr'><strong>legunt,</strong></span> 
     </span>
     <span class='ocr_line' id='line_1_44' title="bbox 137 3936 1242 4004; baseline 0.004 -20"><span class='ocrx_word' id='word_1_350' title='bbox 137 3944 285 4000; x_wconf 82' lang='lat' dir='ltr'><strong>tepescunt,</strong></span> <span class='ocrx_word' id='word_1_351' title='bbox 304 3943 334 3988; x_wconf 88' lang='lat' dir='ltr'><strong>et</strong></span> <span class='ocrx_word' id='word_1_352' title='bbox 350 3936 433 4002; x_wconf 89' lang='lat' dir='ltr'><strong>glacie</strong></span> <span class='ocrx_word' id='word_1_353' title='bbox 444 3936 572 4001; x_wconf 82' lang='lat' dir='ltr'><strong>dissipata</strong></span> <span class='ocrx_word' id='word_1_354' title='bbox 581 3938 665 3988; x_wconf 92' lang='lat' dir='ltr'><strong>molli·</strong></span> <span class='ocrx_word' id='word_1_355' title='bbox 705 3941 898 4003; x_wconf 64' lang='lat' dir='ltr'><strong>mansonario,</strong></span> <span class='ocrx_word' id='word_1_356' title='bbox 908 3939 969 4004; x_wconf 91' lang='lat' dir='ltr'><strong>quia</strong></span> <span class='ocrx_word' id='word_1_357' title='bbox 979 3952 1030 3988; x_wconf 90' lang='lat' dir='ltr'><strong>nou</strong></span> <span class='ocrx_word' id='word_1_358' title='bbox 1046 3951 1097 3987; x_wconf 89' lang='lat' dir='ltr'><strong>uuo</strong></span> <span class='ocrx_word' id='word_1_359' title='bbox 1108 3942 1137 3987; x_wconf 87' lang='lat' dir='ltr'><strong>et</strong></span> <span class='ocrx_word' id='word_1_360' title='bbox 1146 3936 1242 3988; x_wconf 82' lang='lat' dir='ltr'><strong>eodem</strong></span> 
     </span>
     <span class='ocr_line' id='line_1_45' title="bbox 137 4010 1242 4083; baseline 0.004 -23"><span class='ocrx_word' id='word_1_361' title='bbox 137 4025 195 4060; x_wconf 80' lang='lat' dir='ltr'><strong>ores</strong></span> <span class='ocrx_word' id='word_1_362' title='bbox 205 4010 290 4083; x_wconf 74' lang='lat' dir='ltr'><strong>tiuut:=</strong></span> <span class='ocrx_word' id='word_1_363' title='bbox 306 4013 373 4079; x_wconf 91' lang='lat' dir='ltr'><strong>quod</strong></span> <span class='ocrx_word' id='word_1_364' title='bbox 386 4027 438 4062; x_wconf 82' lang='lat' dir='ltr'><strong>uon</strong></span> <span class='ocrx_word' id='word_1_365' title='bbox 450 4012 576 4077; x_wconf 83' lang='lat' dir='ltr'><strong>improbo.</strong></span> <span class='ocrx_word' id='word_1_366' title='bbox 708 4023 833 4080; x_wconf 84' lang='lat' dir='ltr'><strong>tempore,</strong></span> <span class='ocrx_word' id='word_1_367' title='bbox 841 4015 982 4079; x_wconf 86' lang='lat' dir='ltr'><strong>eademque</strong></span> <span class='ocrx_word' id='word_1_368' title='bbox 993 4013 1095 4063; x_wconf 79' lang='lat' dir='ltr'><strong>ratione</strong></span> <span class='ocrx_word' id='word_1_369' title='bbox 1106 4019 1183 4063; x_wconf 82' lang='lat' dir='ltr'><strong>eraut</strong></span> <span class='ocrx_word' id='word_1_370' title='bbox 1193 4012 1242 4065; x_wconf 89' lang='lat' dir='ltr'><strong>do-</strong></span> 
     </span>
     <span class='ocr_line' id='line_1_46' title="bbox 168 4087 1240 4154; baseline 0.004 -20"><span class='ocrx_word' id='word_1_371' title='bbox 168 4091 183 4134; x_wconf 78' lang='lat'><strong>5</strong></span> <span class='ocrx_word' id='word_1_372' title='bbox 202 4087 337 4154; x_wconf 79' lang='lat' dir='ltr'><strong>Nieoeoeqas</strong></span> <span class='ocrx_word' id='word_1_373' title='bbox 354 4103 413 4152; x_wconf 76' lang='lat' dir='ltr'><strong>ogas·</strong></span> <span class='ocrx_word' id='word_1_374' title='bbox 432 4090 548 4154; x_wconf 61' lang='lat' dir='ltr'><strong>massa]</strong></span> <span class='ocrx_word' id='word_1_375' title='bbox 562 4089 667 4141; x_wconf 70' lang='lat' dir='ltr'><strong>Nicaea</strong></span> <span class='ocrx_word' id='word_1_376' title='bbox 706 4106 775 4142; x_wconf 90' lang='lat' dir='ltr'><strong>mum</strong></span> <span class='ocrx_word' id='word_1_377' title='bbox 785 4090 911 4141; x_wconf 81' lang='lat' dir='ltr'><strong>redituri:</strong></span> <span class='ocrx_word' id='word_1_378' title='bbox 928 4088 1063 4153; x_wconf 11' lang='lat' dir='ltr'><strong>aliisoorio,</strong></span> <span class='ocrx_word' id='word_1_379' title='bbox 1070 4088 1133 4154; x_wconf 87' lang='lat' dir='ltr'><strong>quia</strong></span> <span class='ocrx_word' id='word_1_380' title='bbox 1142 4102 1240 4152; x_wconf 79' lang='lat' dir='ltr'><strong>nempe</strong></span> 
     </span>
     <span class='ocr_line' id='line_1_47' title="bbox 135 4161 1241 4232; baseline 0.006 -20"><span class='ocrx_word' id='word_1_381' title='bbox 135 4161 201 4213; x_wconf 70' lang='lat' dir='ltr'><strong>urbs.</strong></span> <span class='ocrx_word' id='word_1_382' title='bbox 209 4168 250 4213; x_wconf 86' lang='lat' dir='ltr'><strong>eat</strong></span> <span class='ocrx_word' id='word_1_383' title='bbox 258 4165 388 4231; x_wconf 73' lang='lat' dir='ltr'><strong>Bithyniae</strong></span> <span class='ocrx_word' id='word_1_384' title='bbox 396 4165 525 4232; x_wconf 88' lang='lat' dir='ltr'><strong>quondam</strong></span> <span class='ocrx_word' id='word_1_385' title='bbox 534 4166 680 4232; x_wconf 81' lang='lat' dir='ltr'><strong>primaria„</strong></span> <span class='ocrx_word' id='word_1_386' title='bbox 705 4161 1241 4231; x_wconf 80' lang='lat' dir='ltr'><strong>iuvarlaloeasiogullpretielseabantur.</strong></span> 
     </span>
    </p>
   </div>
   <div class='ocr_carea' id='block_1_7' title="bbox 0 0 1392 4702">
    <p class='ocr_par' dir='ltr' id='par_1_15' title="bbox 0 0 1392 4702">
     <span class='ocr_line' id='line_1_48' title="bbox 0 0 1392 4702; baseline 0 3"><span class='ocrx_word' id='word_1_387' title='bbox 0 0 1392 4702; x_wconf 95' lang='lat' dir='ltr'><strong> </strong></span> 
     </span>
    </p>
   </div>
  </div>
 </body>
</html>
