<?xml version="1.0" encoding="UTF-8"?>
<!DOCTYPE html PUBLIC "-//W3C//DTD XHTML 1.0 Transitional//EN"
    "http://www.w3.org/TR/xhtml1/DTD/xhtml1-transitional.dtd">
<html xmlns="http://www.w3.org/1999/xhtml" xml:lang="en" lang="en">
 <head>
  <title>
</title>
<meta http-equiv="Content-Type" content="text/html;charset=utf-8" />
  <meta name='ocr-system' content='tesseract 3.04.00' />
  <meta name='ocr-capabilities' content='ocr_page ocr_carea ocr_par ocr_line ocrx_word'/>
</head>
<body>
  <div class='ocr_page' id='page_1' title='image "./cvaleriicatulli00catugoog/cvaleriicatulli00catugoog_0461.png"; bbox 0 0 2774 4702; ppageno 0'>
   <div class='ocr_carea' id='block_1_1' title="bbox 133 281 876 350">
    <p class='ocr_par' dir='ltr' id='par_1_1' title="bbox 133 281 876 350">
     <span class='ocr_line' id='line_1_1' title="bbox 133 281 876 350; baseline -0.008 0"><span class='ocrx_word' id='word_1_1' title='bbox 133 281 200 350; x_wconf 66' lang='lat' dir='ltr'><strong>tat</strong></span> <span class='ocrx_word' id='word_1_2' title='bbox 478 295 586 345; x_wconf 77' lang='lat' dir='ltr'><strong>nomn</strong></span> <span class='ocrx_word' id='word_1_3' title='bbox 610 294 810 344; x_wconf 73' lang='lat' dir='ltr'><strong>vastrorum</strong></span> <span class='ocrx_word' id='word_1_4' title='bbox 836 293 876 344; x_wconf 87' lang='grc' dir='ltr'><strong>ιιι</strong></span> 
     </span>
    </p>
   </div>
   <div class='ocr_carea' id='block_1_2' title="bbox 137 434 1243 1867">
    <p class='ocr_par' dir='ltr' id='par_1_2' title="bbox 137 434 1237 1103">
     <span class='ocr_line' id='line_1_2' title="bbox 137 434 1230 500; baseline -0.004 -11"><span class='ocrx_word' id='word_1_5' title='bbox 137 434 262 489; x_wconf 87' lang='lat' dir='ltr'><strong>scombris</strong></span> <span class='ocrx_word' id='word_1_6' title='bbox 271 441 435 499; x_wconf 78' lang='lat' dir='ltr'><strong>congrueret.</strong></span> <span class='ocrx_word' id='word_1_7' title='bbox 467 435 552 485; x_wconf 85' lang='lat' dir='ltr'><strong>Latini</strong></span> <span class='ocrx_word' id='word_1_8' title='bbox 561 441 664 485; x_wconf 82' lang='lat' dir='ltr'><strong>veteres</strong></span> <span class='ocrx_word' id='word_1_9' title='bbox 700 436 769 499; x_wconf 84' lang='lat' dir='ltr'><strong>cipe,</strong></span> <span class='ocrx_word' id='word_1_10' title='bbox 791 449 851 485; x_wconf 84' lang='lat' dir='ltr'><strong>care</strong></span> <span class='ocrx_word' id='word_1_11' title='bbox 871 446 945 500; x_wconf 79' lang='lat' dir='ltr'><strong>puer,</strong></span> <span class='ocrx_word' id='word_1_12' title='bbox 968 435 1052 486; x_wconf 90' lang='lat' dir='ltr'><strong>nostri</strong></span> <span class='ocrx_word' id='word_1_13' title='bbox 1070 434 1230 486; x_wconf 83' lang='lat' dir='ltr'><strong>monimenta</strong></span> 
     </span>
     <span class='ocr_line' id='line_1_3' title="bbox 138 511 1230 577; baseline -0.004 -13"><span class='ocrx_word' id='word_1_14' title='bbox 138 529 196 564; x_wconf 89' lang='lat' dir='ltr'><strong>raro</strong></span> <span class='ocrx_word' id='word_1_15' title='bbox 208 512 367 575; x_wconf 79' lang='lat' dir='ltr'><strong>aspirabant.</strong></span> <span class='ocrx_word' id='word_1_16' title='bbox 398 513 585 576; x_wconf 81' lang='lat' dir='ltr'><strong>SicapadCic.</strong></span> <span class='ocrx_word' id='word_1_17' title='bbox 596 512 665 562; x_wconf 65' lang='lat' dir='ltr'><strong>‘Xe</strong></span> <span class='ocrx_word' id='word_1_18' title='bbox 700 511 796 562; x_wconf 82' lang='lat' dir='ltr'><strong>laboris</strong></span> <span class='ocrx_word' id='word_1_19' title='bbox 804 516 821 562; x_wconf 86' lang='lat'><strong>:’</strong></span> <span class='ocrx_word' id='word_1_20' title='bbox 836 513 886 562; x_wconf 88' lang='lat' dir='ltr'><strong>lroo</strong></span> <span class='ocrx_word' id='word_1_21' title='bbox 906 519 955 577; x_wconf 84' lang='lat' dir='ltr'><strong>cst,</strong></span> <span class='ocrx_word' id='word_1_22' title='bbox 974 512 1074 576; x_wconf 85' lang='lat' dir='ltr'><strong>accipe,</strong></span> <span class='ocrx_word' id='word_1_23' title='bbox 1091 527 1144 562; x_wconf 90' lang='lat' dir='ltr'><strong>non</strong></span> <span class='ocrx_word' id='word_1_24' title='bbox 1159 513 1230 576; x_wconf 87' lang='lat' dir='ltr'><strong>qnod</strong></span> 
     </span>
     <span class='ocr_line' id='line_1_4' title="bbox 137 586 1232 653; baseline -0.003 -15"><span class='ocrx_word' id='word_1_25' title='bbox 137 586 318 653; x_wconf 80' lang='lat' dir='ltr'><strong>nopontciusr’</strong></span> <span class='ocrx_word' id='word_1_26' title='bbox 336 587 405 652; x_wconf 83' lang='lat' dir='ltr'><strong>apud</strong></span> <span class='ocrx_word' id='word_1_27' title='bbox 425 588 546 649; x_wconf 87' lang='lat' dir='ltr'><strong>eundem,</strong></span> <span class='ocrx_word' id='word_1_28' title='bbox 561 588 666 650; x_wconf 69' lang='lat' dir='ltr'><strong>‘Rnpae</strong></span> <span class='ocrx_word' id='word_1_29' title='bbox 702 595 828 652; x_wconf 81' lang='lat' dir='ltr'><strong>prrcstare</strong></span> <span class='ocrx_word' id='word_1_30' title='bbox 849 601 902 638; x_wconf 88' lang='lat' dir='ltr'><strong>non</strong></span> <span class='ocrx_word' id='word_1_31' title='bbox 927 602 1072 653; x_wconf 85' lang='lat' dir='ltr'><strong>possumus,</strong></span> <span class='ocrx_word' id='word_1_32' title='bbox 1097 587 1145 636; x_wconf 86' lang='lat' dir='ltr'><strong>sed</strong></span> <span class='ocrx_word' id='word_1_33' title='bbox 1172 601 1232 651; x_wconf 80' lang='lat' dir='ltr'><strong>quae</strong></span> 
     </span>
     <span class='ocr_line' id='line_1_5' title="bbox 139 660 1233 728; baseline -0.006 -12"><span class='ocrx_word' id='word_1_34' title='bbox 139 663 267 725; x_wconf 81' lang='lat' dir='ltr'><strong>stadiam‚’</strong></span> <span class='ocrx_word' id='word_1_35' title='bbox 277 678 324 727; x_wconf 87' lang='lat' dir='ltr'><strong>pro</strong></span> <span class='ocrx_word' id='word_1_36' title='bbox 340 663 476 728; x_wconf 62' lang='lat' dir='ltr'><strong>‘Ropisa’</strong></span> <span class='ocrx_word' id='word_1_37' title='bbox 493 662 666 724; x_wconf 77' lang='lat' dir='ltr'><strong>Rnfns‚(lroe·</strong></span> <span class='ocrx_word' id='word_1_38' title='bbox 702 670 763 714; x_wconf 86' lang='lat' dir='ltr'><strong>snut</strong></span> <span class='ocrx_word' id='word_1_39' title='bbox 780 665 871 714; x_wconf 85' lang='lat' dir='ltr'><strong>virinm</strong></span> <span class='ocrx_word' id='word_1_40' title='bbox 883 672 1039 725; x_wconf 88' lang='lat' dir='ltr'><strong>nostrarum,</strong></span> <span class='ocrx_word' id='word_1_41' title='bbox 1055 660 1162 724; x_wconf 74' lang='lat' dir='ltr'><strong>fragiles</strong></span> <span class='ocrx_word' id='word_1_42' title='bbox 1176 662 1233 724; x_wconf 83' lang='lat' dir='ltr'><strong>pal·</strong></span> 
     </span>
     <span class='ocr_line' id='line_1_6' title="bbox 138 737 1235 803; baseline -0.004 -14"><span class='ocrx_word' id='word_1_43' title='bbox 138 755 171 790; x_wconf 84' lang='lat' dir='ltr'><strong>co</strong></span> <span class='ocrx_word' id='word_1_44' title='bbox 180 741 346 803; x_wconf 70' lang='grc' dir='ltr'><strong>ὑποκοριστικᾷ</strong></span> <span class='ocrx_word' id='word_1_45' title='bbox 353 738 494 801; x_wconf 88' lang='lat' dir='ltr'><strong>detortum,</strong></span> <span class='ocrx_word' id='word_1_46' title='bbox 501 740 597 802; x_wconf 75' lang='grc' dir='ltr'><strong>ῥουφΐιι.</strong></span> <span class='ocrx_word' id='word_1_47' title='bbox 617 739 667 787; x_wconf 87' lang='lat' dir='ltr'><strong>Lu·</strong></span> <span class='ocrx_word' id='word_1_48' title='bbox 702 740 825 789; x_wconf 87' lang='lat' dir='ltr'><strong>mites.et</strong></span> <span class='ocrx_word' id='word_1_49' title='bbox 843 745 922 789; x_wconf 86' lang='lat' dir='ltr'><strong>serta.</strong></span> <span class='ocrx_word' id='word_1_50' title='bbox 955 738 1023 788; x_wconf 81' lang='lat' dir='ltr'><strong>Haec</strong></span> <span class='ocrx_word' id='word_1_51' title='bbox 1040 737 1150 803; x_wconf 77' lang='lat' dir='ltr'>pulchre</span> <span class='ocrx_word' id='word_1_52' title='bbox 1166 737 1235 786; x_wconf 80' lang='lat' dir='ltr'><strong>lianc</strong></span> 
     </span>
     <span class='ocr_line' id='line_1_7' title="bbox 139 811 1234 882; baseline -0.005 -15"><span class='ocrx_word' id='word_1_53' title='bbox 139 817 308 880; x_wconf 71' lang='lat' dir='ltr'><strong>cim‚a0osas.</strong></span> <span class='ocrx_word' id='word_1_54' title='bbox 328 817 424 868; x_wconf 84' lang='lat' dir='ltr'><strong>Athen.</strong></span> <span class='ocrx_word' id='word_1_55' title='bbox 440 816 667 882; x_wconf 50' lang='lat' dir='ltr'><strong>dirigentiam</strong></span> <span class='ocrx_word' id='word_1_56' title='bbox 703 814 843 864; x_wconf 86' lang='lat' dir='ltr'><strong>lectionem</strong></span> <span class='ocrx_word' id='word_1_57' title='bbox 864 819 978 877; x_wconf 84' lang='lat' dir='ltr'><strong>tuentur,</strong></span> <span class='ocrx_word' id='word_1_58' title='bbox 998 821 1028 863; x_wconf 89' lang='lat' dir='ltr'><strong>ut</strong></span> <span class='ocrx_word' id='word_1_59' title='bbox 1048 812 1115 862; x_wconf 82' lang='lat' dir='ltr'>nihil</span> <span class='ocrx_word' id='word_1_60' title='bbox 1130 811 1234 862; x_wconf 85' lang='lat' dir='ltr'><strong>melius.</strong></span> 
     </span>
     <span class='ocr_line' id='line_1_8' title="bbox 140 886 1236 958; baseline -0.006 -16"><span class='ocrx_word' id='word_1_61' title='bbox 140 892 182 943; x_wconf 72' lang='lat' dir='ltr'><strong>rio</strong></span> <span class='ocrx_word' id='word_1_62' title='bbox 192 893 382 958; x_wconf 72' lang='grc' dir='ltr'><strong>κατοιεμοῦνται,</strong></span> <span class='ocrx_word' id='word_1_63' title='bbox 397 900 427 943; x_wconf 94' lang='lat' dir='ltr'><strong>nt</strong></span> <span class='ocrx_word' id='word_1_64' title='bbox 441 894 483 945; x_wconf 85' lang='lat' dir='ltr'><strong>hic</strong></span> <span class='ocrx_word' id='word_1_65' title='bbox 499 894 602 943; x_wconf 84' lang='lat' dir='ltr'><strong>videtur</strong></span> <span class='ocrx_word' id='word_1_66' title='bbox 613 893 668 945; x_wconf 89' lang='lat' dir='ltr'><strong>dic·</strong></span> <span class='ocrx_word' id='word_1_67' title='bbox 704 887 811 937; x_wconf 84' lang='lat' dir='ltr'><strong>Deinde</strong></span> <span class='ocrx_word' id='word_1_68' title='bbox 826 902 905 952; x_wconf 87' lang='lat' dir='ltr'><strong>quum</strong></span> <span class='ocrx_word' id='word_1_69' title='bbox 921 887 1036 937; x_wconf 79' lang='lat' dir='ltr'><strong>Catullus</strong></span> <span class='ocrx_word' id='word_1_70' title='bbox 1056 886 1191 951; x_wconf 78' lang='lat' dir='ltr'><strong>polimatia</strong></span> <span class='ocrx_word' id='word_1_71' title='bbox 1206 891 1236 935; x_wconf 84' lang='lat' dir='ltr'><strong>ct</strong></span> 
     </span>
     <span class='ocr_line' id='line_1_9' title="bbox 141 961 1237 1036; baseline -0.008 -15"><span class='ocrx_word' id='word_1_72' title='bbox 141 979 197 1021; x_wconf 88' lang='lat' dir='ltr'><strong>tum</strong></span> <span class='ocrx_word' id='word_1_73' title='bbox 208 970 305 1036; x_wconf 79' lang='lat' dir='ltr'><strong>porrigi</strong></span> <span class='ocrx_word' id='word_1_74' title='bbox 317 970 349 1020; x_wconf 86' lang='lat' dir='ltr'><strong>ad</strong></span> <span class='ocrx_word' id='word_1_75' title='bbox 361 985 465 1034; x_wconf 79' lang='lat' dir='ltr'><strong>apuam,</strong></span> <span class='ocrx_word' id='word_1_76' title='bbox 479 972 522 1020; x_wconf 84' lang='lat' dir='ltr'><strong>rel</strong></span> <span class='ocrx_word' id='word_1_77' title='bbox 540 970 572 1020; x_wconf 82' lang='lat' dir='ltr'><strong>ad</strong></span> <span class='ocrx_word' id='word_1_78' title='bbox 585 984 667 1021; x_wconf 84' lang='lat' dir='ltr'><strong>scom·</strong></span> <span class='ocrx_word' id='word_1_79' title='bbox 704 963 829 1026; x_wconf 81' lang='lat' dir='ltr'><strong>opuscula</strong></span> <span class='ocrx_word' id='word_1_80' title='bbox 849 969 950 1012; x_wconf 83' lang='lat' dir='ltr'><strong>tantum</strong></span> <span class='ocrx_word' id='word_1_81' title='bbox 972 961 1168 1027; x_wconf 75' lang='lat' dir='ltr'><strong>conscripserit,</strong></span> <span class='ocrx_word' id='word_1_82' title='bbox 1190 976 1237 1026; x_wconf 80' lang='lat' dir='ltr'><strong>pa·</strong></span> 
     </span>
     <span class='ocr_line' id='line_1_10' title="bbox 140 1039 1236 1103; baseline -0.007 -7"><span class='ocrx_word' id='word_1_83' title='bbox 140 1048 212 1096; x_wconf 90' lang='lat' dir='ltr'><strong>bros.</strong></span> <span class='ocrx_word' id='word_1_84' title='bbox 228 1047 292 1097; x_wconf 66' lang='grc' dir='ltr'><strong><em>θοοὶ.</em></strong></span> <span class='ocrx_word' id='word_1_85' title='bbox 705 1041 756 1090; x_wconf 87' lang='lat' dir='ltr'><strong>iarn</strong></span> <span class='ocrx_word' id='word_1_86' title='bbox 767 1039 974 1090; x_wconf 83' lang='lat' dir='ltr'><strong>innuitsibinon</strong></span> <span class='ocrx_word' id='word_1_87' title='bbox 993 1040 1098 1103; x_wconf 83' lang='lat' dir='ltr'><strong>placere</strong></span> <span class='ocrx_word' id='word_1_88' title='bbox 1112 1052 1236 1102; x_wconf 74' lang='lat' dir='ltr'><strong>magnum</strong></span> 
     </span>
    </p>

    <p class='ocr_par' dir='ltr' id='par_1_3' title="bbox 141 1113 1243 1867">
     <span class='ocr_line' id='line_1_11' title="bbox 173 1113 1239 1179; baseline -0.011 -6"><span class='ocrx_word' id='word_1_89' title='bbox 173 1129 191 1173; x_wconf 81' lang='lat'>9</span> <span class='ocrx_word' id='word_1_90' title='bbox 207 1125 286 1175; x_wconf 81' lang='lat' dir='ltr'><strong>Paron</strong></span> <span class='ocrx_word' id='word_1_91' title='bbox 302 1124 350 1173; x_wconf 82' lang='lat' dir='ltr'><strong>mei</strong></span> <span class='ocrx_word' id='word_1_92' title='bbox 365 1122 424 1172; x_wconf 73' lang='lat' dir='ltr'><strong>miti</strong></span> <span class='ocrx_word' id='word_1_93' title='bbox 439 1127 501 1172; x_wconf 80' lang='lat' dir='ltr'><strong>sant·</strong></span> <span class='ocrx_word' id='word_1_94' title='bbox 508 1120 573 1172; x_wconf 79' lang='lat' dir='ltr'><strong>cordi</strong></span> <span class='ocrx_word' id='word_1_95' title='bbox 588 1135 668 1170; x_wconf 75' lang='lat' dir='ltr'><strong>moou-</strong></span> <span class='ocrx_word' id='word_1_96' title='bbox 706 1115 770 1165; x_wconf 86' lang='lat' dir='ltr'><strong>illnd</strong></span> <span class='ocrx_word' id='word_1_97' title='bbox 782 1115 874 1179; x_wconf 67' lang='lat' dir='ltr'><strong>poema</strong></span> <span class='ocrx_word' id='word_1_98' title='bbox 884 1115 1010 1179; x_wconf 80' lang='lat' dir='ltr'><strong>Smyrnae,</strong></span> <span class='ocrx_word' id='word_1_99' title='bbox 1024 1113 1070 1163; x_wconf 86' lang='lat' dir='ltr'><strong>scd</strong></span> <span class='ocrx_word' id='word_1_100' title='bbox 1079 1113 1239 1163; x_wconf 85' lang='lat' dir='ltr'><strong>monimenta</strong></span> 
     </span>
     <span class='ocr_line' id='line_1_12' title="bbox 141 1187 1239 1259; baseline -0.01 -12"><span class='ocrx_word' id='word_1_101' title='bbox 141 1202 221 1248; x_wconf 80' lang='lat' dir='ltr'><strong>meato</strong></span> <span class='ocrx_word' id='word_1_102' title='bbox 237 1196 336 1259; x_wconf 79' lang='lat' dir='ltr'><strong>rodolio]</strong></span> <span class='ocrx_word' id='word_1_103' title='bbox 358 1197 428 1247; x_wconf 88' lang='lat' dir='ltr'><strong>Illud</strong></span> <span class='ocrx_word' id='word_1_104' title='bbox 448 1197 535 1246; x_wconf 79' lang='lat' dir='ltr'><strong>rodolio</strong></span> <span class='ocrx_word' id='word_1_105' title='bbox 554 1195 670 1245; x_wconf 85' lang='lat' dir='ltr'><strong>homines</strong></span> <span class='ocrx_word' id='word_1_106' title='bbox 707 1191 747 1240; x_wconf 85' lang='lat' dir='ltr'><strong>sui</strong></span> <span class='ocrx_word' id='word_1_107' title='bbox 754 1189 865 1240; x_wconf 79' lang='lat' dir='ltr'><strong>laboris:</strong></span> <span class='ocrx_word' id='word_1_108' title='bbox 878 1189 927 1238; x_wconf 89' lang='lat' dir='ltr'><strong>hoc</strong></span> <span class='ocrx_word' id='word_1_109' title='bbox 938 1194 980 1238; x_wconf 88' lang='lat' dir='ltr'><strong>est</strong></span> <span class='ocrx_word' id='word_1_110' title='bbox 990 1188 1130 1252; x_wconf 65' lang='lat' dir='ltr'><strong>poimatia,</strong></span> <span class='ocrx_word' id='word_1_111' title='bbox 1139 1187 1239 1251; x_wconf 84' lang='lat' dir='ltr'><strong>odaria,</strong></span> 
     </span>
     <span class='ocr_line' id='line_1_13' title="bbox 143 1264 1239 1330; baseline -0.01 -7"><span class='ocrx_word' id='word_1_112' title='bbox 143 1275 211 1323; x_wconf 90' lang='lat' dir='ltr'><strong>male</strong></span> <span class='ocrx_word' id='word_1_113' title='bbox 232 1272 318 1322; x_wconf 86' lang='lat' dir='ltr'><strong>feriati</strong></span> <span class='ocrx_word' id='word_1_114' title='bbox 338 1273 476 1323; x_wconf 79' lang='lat' dir='ltr'><strong>commenti</strong></span> <span class='ocrx_word' id='word_1_115' title='bbox 496 1276 563 1322; x_wconf 84' lang='lat' dir='ltr'><strong>snut.</strong></span> <span class='ocrx_word' id='word_1_116' title='bbox 602 1271 670 1320; x_wconf 84' lang='lat' dir='ltr'><strong>Nam</strong></span> <span class='ocrx_word' id='word_1_117' title='bbox 708 1273 736 1316; x_wconf 87' lang='lat' dir='ltr'><strong>ct</strong></span> <span class='ocrx_word' id='word_1_118' title='bbox 754 1266 950 1330; x_wconf 78' lang='lat' dir='ltr'><strong>epigrammata,</strong></span> <span class='ocrx_word' id='word_1_119' title='bbox 965 1279 1017 1314; x_wconf 92' lang='lat' dir='ltr'><strong>non</strong></span> <span class='ocrx_word' id='word_1_120' title='bbox 1037 1266 1160 1315; x_wconf 83' lang='lat' dir='ltr'><strong>obscuras</strong></span> <span class='ocrx_word' id='word_1_121' title='bbox 1181 1264 1239 1312; x_wconf 84' lang='lat' dir='ltr'><strong>illas</strong></span> 
     </span>
     <span class='ocr_line' id='line_1_14' title="bbox 144 1340 1239 1413; baseline -0.011 -14"><span class='ocrx_word' id='word_1_122' title='bbox 144 1357 219 1400; x_wconf 83' lang='lat' dir='ltr'><strong>retus</strong></span> <span class='ocrx_word' id='word_1_123' title='bbox 241 1349 370 1413; x_wconf 86' lang='lat' dir='ltr'><strong>scriptura</strong></span> <span class='ocrx_word' id='word_1_124' title='bbox 391 1354 541 1399; x_wconf 77' lang='lat' dir='ltr'><strong>constanter</strong></span> <span class='ocrx_word' id='word_1_125' title='bbox 568 1346 671 1408; x_wconf 87' lang='lat' dir='ltr'><strong>habuit,</strong></span> <span class='ocrx_word' id='word_1_126' title='bbox 708 1340 869 1404; x_wconf 85' lang='lat' dir='ltr'><strong>rhapsodias.</strong></span> <span class='ocrx_word' id='word_1_127' title='bbox 903 1342 971 1390; x_wconf 86' lang='lat' dir='ltr'><strong>Nam</strong></span> <span class='ocrx_word' id='word_1_128' title='bbox 989 1354 1041 1389; x_wconf 90' lang='lat' dir='ltr'><strong>non</strong></span> <span class='ocrx_word' id='word_1_129' title='bbox 1057 1340 1239 1389; x_wconf 85' lang='lat' dir='ltr'><strong>solomelabo-</strong></span> 
     </span>
     <span class='ocr_line' id='line_1_15' title="bbox 144 1413 1240 1488; baseline -0.009 -17"><span class='ocrx_word' id='word_1_130' title='bbox 144 1425 241 1486; x_wconf 76' lang='lat' dir='ltr'><strong>latoris,</strong></span> <span class='ocrx_word' id='word_1_131' title='bbox 255 1439 306 1474; x_wconf 82' lang='lat' dir='ltr'><strong>non</strong></span> <span class='ocrx_word' id='word_1_132' title='bbox 316 1426 410 1487; x_wconf 66' lang='lat' dir='ltr'><strong>malis,</strong></span> <span class='ocrx_word' id='word_1_133' title='bbox 425 1431 456 1474; x_wconf 81' lang='lat' dir='ltr'><strong>ut</strong></span> <span class='ocrx_word' id='word_1_134' title='bbox 471 1427 547 1488; x_wconf 75' lang='lat' dir='ltr'><strong>plane</strong></span> <span class='ocrx_word' id='word_1_135' title='bbox 562 1429 634 1472; x_wconf 72' lang='lat' dir='ltr'><strong>extat</strong></span> <span class='ocrx_word' id='word_1_136' title='bbox 645 1421 671 1471; x_wconf 79' lang='lat' dir='ltr'><strong>in</strong></span> <span class='ocrx_word' id='word_1_137' title='bbox 708 1421 793 1465; x_wconf 88' lang='lat' dir='ltr'><strong>ratum</strong></span> <span class='ocrx_word' id='word_1_138' title='bbox 809 1413 889 1463; x_wconf 79' lang='lat' dir='ltr'><strong>fnisse</strong></span> <span class='ocrx_word' id='word_1_139' title='bbox 904 1419 1018 1478; x_wconf 84' lang='lat' dir='ltr'><strong>oportet,</strong></span> <span class='ocrx_word' id='word_1_140' title='bbox 1035 1415 1181 1463; x_wconf 69' lang='lat' dir='ltr'><strong>cainonem</strong></span> <span class='ocrx_word' id='word_1_141' title='bbox 1193 1427 1240 1462; x_wconf 91' lang='lat' dir='ltr'><strong>an·</strong></span> 
     </span>
     <span class='ocr_line' id='line_1_16' title="bbox 145 1489 1241 1553; baseline 0.003 -4"><span class='ocrx_word' id='word_1_142' title='bbox 145 1507 242 1550; x_wconf 79' lang='lat' dir='ltr'><strong>nostro.</strong></span> <span class='ocrx_word' id='word_1_143' title='bbox 275 1502 350 1553; x_wconf 82' lang='lat' dir='ltr'><strong>Quod</strong></span> <span class='ocrx_word' id='word_1_144' title='bbox 361 1501 531 1551; x_wconf 78' lang='lat' dir='ltr'><strong>rectissimum</strong></span> <span class='ocrx_word' id='word_1_145' title='bbox 541 1506 590 1549; x_wconf 83' lang='lat' dir='ltr'><strong>est.</strong></span> <span class='ocrx_word' id='word_1_146' title='bbox 615 1499 672 1547; x_wconf 88' lang='lat' dir='ltr'><strong>Ma·</strong></span> <span class='ocrx_word' id='word_1_147' title='bbox 709 1505 756 1538; x_wconf 77' lang='lat'><strong>¹¹⁰⁸</strong></span> <span class='ocrx_word' id='word_1_148' title='bbox 782 1490 952 1552; x_wconf 58' lang='lat' dir='ltr'><strong>impendent,</strong></span> <span class='ocrx_word' id='word_1_149' title='bbox 977 1489 1023 1539; x_wconf 62' lang='lat' dir='ltr'><strong>led</strong></span> <span class='ocrx_word' id='word_1_150' title='bbox 1053 1497 1082 1539; x_wconf 67' lang='lat'><strong>0²</strong></span> <span class='ocrx_word' id='word_1_151' title='bbox 1108 1503 1241 1552; x_wconf 63' lang='lat' dir='ltr'><strong>mgnum»</strong></span> 
     </span>
     <span class='ocr_line' id='line_1_17' title="bbox 146 1565 1241 1638; baseline -0.005 -14"><span class='ocrx_word' id='word_1_152' title='bbox 146 1575 241 1626; x_wconf 70' lang='lat' dir='ltr'><strong>nitesco</strong></span> <span class='ocrx_word' id='word_1_153' title='bbox 263 1576 379 1626; x_wconf 80' lang='lat' dir='ltr'><strong>catullus</strong></span> <span class='ocrx_word' id='word_1_154' title='bbox 406 1590 453 1638; x_wconf 84' lang='lat' dir='ltr'><strong>per</strong></span> <span class='ocrx_word' id='word_1_155' title='bbox 479 1573 672 1625; x_wconf 80' lang='lat' dir='ltr'><strong>concessionem</strong></span> <span class='ocrx_word' id='word_1_156' title='bbox 709 1573 821 1630; x_wconf 79' lang='lat' dir='ltr'><strong>propter</strong></span> <span class='ocrx_word' id='word_1_157' title='bbox 840 1565 950 1616; x_wconf 74' lang='lat' dir='ltr'><strong>eandem</strong></span> <span class='ocrx_word' id='word_1_158' title='bbox 971 1579 1105 1615; x_wconf 78' lang='lat' dir='ltr'><strong>caussam:</strong></span> <span class='ocrx_word' id='word_1_159' title='bbox 1131 1565 1160 1613; x_wconf 84' lang='lat' dir='ltr'><strong>io</strong></span> <span class='ocrx_word' id='word_1_160' title='bbox 1189 1578 1241 1627; x_wconf 83' lang='lat' dir='ltr'><strong>qno</strong></span> 
     </span>
     <span class='ocr_line' id='line_1_18' title="bbox 146 1638 1242 1714; baseline -0.005 -15"><span class='ocrx_word' id='word_1_161' title='bbox 146 1651 246 1700; x_wconf 85' lang='lat' dir='ltr'><strong>landari</strong></span> <span class='ocrx_word' id='word_1_162' title='bbox 257 1652 409 1701; x_wconf 80' lang='lat' dir='ltr'><strong>vnltCinnae</strong></span> <span class='ocrx_word' id='word_1_163' title='bbox 419 1651 607 1714; x_wconf 85' lang='lat' dir='ltr'><strong>suiSmyrnam,</strong></span> <span class='ocrx_word' id='word_1_164' title='bbox 616 1663 674 1713; x_wconf 79' lang='lat' dir='ltr'><strong>quas</strong></span> <span class='ocrx_word' id='word_1_165' title='bbox 710 1643 788 1706; x_wconf 73' lang='lat' dir='ltr'><strong>plone</strong></span> <span class='ocrx_word' id='word_1_166' title='bbox 804 1641 920 1691; x_wconf 70' lang='lat' dir='ltr'><strong>imitatur</strong></span> <span class='ocrx_word' id='word_1_167' title='bbox 930 1640 1124 1702; x_wconf 72' lang='lat' dir='ltr'><strong>Callimachum,</strong></span> <span class='ocrx_word' id='word_1_168' title='bbox 1139 1638 1185 1704; x_wconf 77' lang='lat' dir='ltr'><strong>qui</strong></span> <span class='ocrx_word' id='word_1_169' title='bbox 1203 1639 1242 1688; x_wconf 64' lang='lat' dir='ltr'><strong>ita</strong></span> 
     </span>
     <span class='ocr_line' id='line_1_19' title="bbox 146 1712 1243 1789; baseline -0.013 -13"><span class='ocrx_word' id='word_1_170' title='bbox 146 1742 194 1789; x_wconf 85' lang='lat' dir='ltr'><strong>per</strong></span> <span class='ocrx_word' id='word_1_171' title='bbox 206 1742 285 1777; x_wconf 91' lang='lat' dir='ltr'><strong>annos</strong></span> <span class='ocrx_word' id='word_1_172' title='bbox 295 1742 388 1777; x_wconf 85' lang='lat' dir='ltr'><strong>novem</strong></span> <span class='ocrx_word' id='word_1_173' title='bbox 406 1725 540 1776; x_wconf 85' lang='lat' dir='ltr'><strong>elaborata</strong></span> <span class='ocrx_word' id='word_1_174' title='bbox 559 1724 609 1773; x_wconf 86' lang='lat' dir='ltr'><strong>rit:</strong></span> <span class='ocrx_word' id='word_1_175' title='bbox 627 1722 674 1772; x_wconf 90' lang='lat' dir='ltr'><strong>sed</strong></span> <span class='ocrx_word' id='word_1_176' title='bbox 711 1720 738 1769; x_wconf 90' lang='lat' dir='ltr'><strong>in</strong></span> <span class='ocrx_word' id='word_1_177' title='bbox 751 1718 860 1783; x_wconf 74' lang='lat' dir='ltr'><strong>Hymni·</strong></span> <span class='ocrx_word' id='word_1_178' title='bbox 871 1717 951 1779; x_wconf 83' lang='lat' dir='ltr'><strong>canit,</strong></span> <span class='ocrx_word' id='word_1_179' title='bbox 959 1717 988 1765; x_wconf 87' lang='lat'><strong>‘0</strong></span> <span class='ocrx_word' id='word_1_180' title='bbox 999 1715 1083 1778; x_wconf 75' lang='grc' dir='ltr'><strong><em>φθόνος</em></strong></span> <span class='ocrx_word' id='word_1_181' title='bbox 1089 1712 1243 1764; x_wconf 72' lang='grc' dir='ltr'><strong>’Λπόλλωνος</strong></span> 
     </span>
     <span class='ocr_line' id='line_1_20' title="bbox 146 1789 1242 1867; baseline -0.013 -14"><span class='ocrx_word' id='word_1_182' title='bbox 146 1804 256 1867; x_wconf 80' lang='lat' dir='ltr'><strong>ingenue</strong></span> <span class='ocrx_word' id='word_1_183' title='bbox 267 1802 367 1853; x_wconf 79' lang='lat' dir='ltr'><strong>fatetur</strong></span> <span class='ocrx_word' id='word_1_184' title='bbox 386 1803 436 1852; x_wconf 85' lang='lat' dir='ltr'><strong>sibi</strong></span> <span class='ocrx_word' id='word_1_185' title='bbox 446 1802 583 1865; x_wconf 83' lang='lat' dir='ltr'><strong>displicere</strong></span> <span class='ocrx_word' id='word_1_186' title='bbox 594 1813 674 1863; x_wconf 78' lang='lat' dir='ltr'><strong>nugas</strong></span> <span class='ocrx_word' id='word_1_187' title='bbox 713 1795 748 1843; x_wconf 72' lang='grc' dir='ltr'><strong>ἐπ’</strong></span> <span class='ocrx_word' id='word_1_188' title='bbox 760 1795 833 1845; x_wconf 73' lang='grc' dir='ltr'><strong>οὔατα</strong></span> <span class='ocrx_word' id='word_1_189' title='bbox 850 1791 942 1858; x_wconf 67' lang='lat' dir='ltr'><strong>idonior</strong></span> <span class='ocrx_word' id='word_1_190' title='bbox 957 1790 1031 1855; x_wconf 73' lang='grc' dir='ltr'><strong>εἶπεν,</strong></span> <span class='ocrx_word' id='word_1_191' title='bbox 1048 1791 1083 1841; x_wconf 72' lang='grc' dir='ltr'><strong>οὔ</strong></span> <span class='ocrx_word' id='word_1_192' title='bbox 1104 1789 1181 1854; x_wconf 70' lang='grc' dir='ltr'><strong>φιλέω</strong></span> <span class='ocrx_word' id='word_1_193' title='bbox 1198 1790 1242 1839; x_wconf 69' lang='lat' dir='ltr'><strong>ria</strong></span> 
     </span>
    </p>
   </div>
   <div class='ocr_carea' id='block_1_3' title="bbox 146 1865 1243 2010">
    <p class='ocr_par' dir='ltr' id='par_1_4' title="bbox 146 1865 1243 2010">
     <span class='ocr_line' id='line_1_21' title="bbox 146 1865 1243 1935; baseline -0.009 -10"><span class='ocrx_word' id='word_1_194' title='bbox 146 1881 278 1930; x_wconf 83' lang='lat' dir='ltr'><strong>obscuras.</strong></span> <span class='ocrx_word' id='word_1_195' title='bbox 303 1880 373 1929; x_wconf 87' lang='lat' dir='ltr'><strong>Nam</strong></span> <span class='ocrx_word' id='word_1_196' title='bbox 381 1878 586 1929; x_wconf 87' lang='lat' dir='ltr'><strong>obscurissimum</strong></span> <span class='ocrx_word' id='word_1_197' title='bbox 596 1875 675 1925; x_wconf 78' lang='lat' dir='ltr'><strong>fuisse</strong></span> <span class='ocrx_word' id='word_1_198' title='bbox 712 1865 1124 1935; x_wconf 69' lang='grc' dir='ltr'><strong>ἀοιδὸν,θιοῦχδσαπόντοςᾰείδει.</strong></span> <span class='ocrx_word' id='word_1_199' title='bbox 1160 1868 1243 1916; x_wconf 84' lang='lat' dir='ltr'><strong>Enar-</strong></span> 
     </span>
     <span class='ocr_line' id='line_1_22' title="bbox 148 1940 1242 2010; baseline -0.005 -14"><span class='ocrx_word' id='word_1_200' title='bbox 148 1947 240 2010; x_wconf 67' lang='lat' dir='ltr'><strong>poema</strong></span> <span class='ocrx_word' id='word_1_201' title='bbox 251 1947 314 1995; x_wconf 88' lang='lat' dir='ltr'><strong>illud</strong></span> <span class='ocrx_word' id='word_1_202' title='bbox 326 1947 424 1996; x_wconf 86' lang='lat' dir='ltr'><strong>indicat</strong></span> <span class='ocrx_word' id='word_1_203' title='bbox 432 1947 547 1996; x_wconf 80' lang='lat' dir='ltr'><strong>Martial.</strong></span> <span class='ocrx_word' id='word_1_204' title='bbox 564 1945 675 1996; x_wconf 76' lang='lat' dir='ltr'><strong>‘lodice</strong></span> <span class='ocrx_word' id='word_1_205' title='bbox 713 1950 800 1993; x_wconf 73' lang='lat' dir='ltr'><strong>ratorz</strong></span> <span class='ocrx_word' id='word_1_206' title='bbox 810 1943 932 2004; x_wconf 77' lang='grc' dir='ltr'><strong>Ἔγκιιλιῖ</strong></span> <span class='ocrx_word' id='word_1_207' title='bbox 944 1943 981 1991; x_wconf 73' lang='grc' dir='ltr'><strong>διὰ</strong></span> <span class='ocrx_word' id='word_1_208' title='bbox 995 1941 1083 1992; x_wconf 74' lang='grc' dir='ltr'><strong><em>τούτων</em></strong></span> <span class='ocrx_word' id='word_1_209' title='bbox 1096 1940 1153 1992; x_wconf 82' lang='lat' dir='ltr'><strong>rolrs</strong></span> <span class='ocrx_word' id='word_1_210' title='bbox 1163 1941 1242 1991; x_wconf 74' lang='grc' dir='ltr'><strong><em>σκόπ-</em></strong></span> 
     </span>
    </p>
   </div>
   <div class='ocr_carea' id='block_1_4' title="bbox 135 2017 1250 3598">
    <p class='ocr_par' dir='ltr' id='par_1_5' title="bbox 135 2017 1246 2688">
     <span class='ocr_line' id='line_1_23' title="bbox 149 2017 1243 2086; baseline -0.005 -14"><span class='ocrx_word' id='word_1_211' title='bbox 149 2031 176 2072; x_wconf 83' lang='lat' dir='ltr'><strong>te</strong></span> <span class='ocrx_word' id='word_1_212' title='bbox 187 2025 268 2086; x_wconf 85' lang='lat' dir='ltr'><strong>major</strong></span> <span class='ocrx_word' id='word_1_213' title='bbox 281 2023 364 2072; x_wconf 83' lang='lat' dir='ltr'><strong>Cinna</strong></span> <span class='ocrx_word' id='word_1_214' title='bbox 373 2024 482 2072; x_wconf 87' lang='lat' dir='ltr'><strong>Marone</strong></span> <span class='ocrx_word' id='word_1_215' title='bbox 493 2022 561 2072; x_wconf 69' lang='lat' dir='ltr'><strong>fuit!</strong></span> <span class='ocrx_word' id='word_1_216' title='bbox 589 2024 676 2074; x_wconf 81' lang='lat' dir='ltr'><strong>Quare</strong></span> <span class='ocrx_word' id='word_1_217' title='bbox 712 2036 797 2068; x_wconf 61' lang='lat' dir='ltr'><strong>roaros</strong></span> <span class='ocrx_word' id='word_1_218' title='bbox 812 2018 883 2067; x_wconf 71' lang='grc' dir='ltr'><em>αἰπὺν</em></span> <span class='ocrx_word' id='word_1_219' title='bbox 896 2019 929 2079; x_wconf 74' lang='grc' dir='ltr'><strong>μὴ</strong></span> <span class='ocrx_word' id='word_1_220' title='bbox 944 2018 1053 2068; x_wconf 72' lang='grc' dir='ltr'><strong>δύνασθαι</strong></span> <span class='ocrx_word' id='word_1_221' title='bbox 1067 2021 1165 2078; x_wconf 75' lang='grc' dir='ltr'><strong>ποιῆσαι</strong></span> <span class='ocrx_word' id='word_1_222' title='bbox 1180 2017 1243 2079; x_wconf 55' lang='grc' dir='ltr'><strong>μένα</strong></span> 
     </span>
     <span class='ocr_line' id='line_1_24' title="bbox 150 2093 1245 2158; baseline -0.001 -15"><span class='ocrx_word' id='word_1_223' title='bbox 150 2111 227 2158; x_wconf 89' lang='lat' dir='ltr'><strong>quum</strong></span> <span class='ocrx_word' id='word_1_224' title='bbox 239 2098 378 2142; x_wconf 78' lang='lat' dir='ltr'><strong>etiamnum</strong></span> <span class='ocrx_word' id='word_1_225' title='bbox 395 2099 472 2156; x_wconf 74' lang='lat' dir='ltr'><strong>paulo</strong></span> <span class='ocrx_word' id='word_1_226' title='bbox 490 2105 549 2156; x_wconf 86' lang='lat' dir='ltr'><strong>post</strong></span> <span class='ocrx_word' id='word_1_227' title='bbox 566 2104 676 2144; x_wconf 85' lang='lat' dir='ltr'><strong>mortem</strong></span> <span class='ocrx_word' id='word_1_228' title='bbox 712 2095 809 2154; x_wconf 70' lang='grc' dir='ltr'><strong><em>ποίημα.</em></strong></span> <span class='ocrx_word' id='word_1_229' title='bbox 842 2096 925 2146; x_wconf 72' lang='lat' dir='ltr'><strong>Quam</strong></span> <span class='ocrx_word' id='word_1_230' title='bbox 937 2095 1067 2144; x_wconf 81' lang='lat' dir='ltr'><strong>luculente</strong></span> <span class='ocrx_word' id='word_1_231' title='bbox 1075 2096 1132 2143; x_wconf 80' lang='lat' dir='ltr'><strong>haee</strong></span> <span class='ocrx_word' id='word_1_232' title='bbox 1142 2093 1245 2143; x_wconf 79' lang='lat' dir='ltr'><strong>faciunt</strong></span> 
     </span>
     <span class='ocr_line' id='line_1_25' title="bbox 150 2167 1243 2233; baseline 0 -15"><span class='ocrx_word' id='word_1_233' title='bbox 150 2169 229 2232; x_wconf 87' lang='lat' dir='ltr'><strong>ipsius</strong></span> <span class='ocrx_word' id='word_1_234' title='bbox 245 2169 332 2217; x_wconf 81' lang='lat' dir='ltr'><strong>Cinnae</strong></span> <span class='ocrx_word' id='word_1_235' title='bbox 352 2170 429 2233; x_wconf 80' lang='lat' dir='ltr'><strong>vulgo</strong></span> <span class='ocrx_word' id='word_1_236' title='bbox 448 2184 499 2219; x_wconf 91' lang='lat' dir='ltr'><strong>non</strong></span> <span class='ocrx_word' id='word_1_237' title='bbox 519 2170 676 2232; x_wconf 77' lang='lat' dir='ltr'><strong>intelligere·</strong></span> <span class='ocrx_word' id='word_1_238' title='bbox 713 2167 746 2216; x_wconf 85' lang='lat' dir='ltr'><strong>ad</strong></span> <span class='ocrx_word' id='word_1_239' title='bbox 758 2182 812 2231; x_wconf 67' lang='lat' dir='ltr'><strong>rem</strong></span> <span class='ocrx_word' id='word_1_240' title='bbox 823 2170 953 2218; x_wconf 87' lang='lat' dir='ltr'><strong>nostram?</strong></span> <span class='ocrx_word' id='word_1_241' title='bbox 979 2168 1243 2231; x_wconf 69' lang='lat' dir='ltr'><strong>Athenitrmnnxos</strong></span> 
     </span>
     <span class='ocr_line' id='line_1_26' title="bbox 135 2242 1244 2309; baseline 0 -16"><span class='ocrx_word' id='word_1_242' title='bbox 135 2252 205 2307; x_wconf 72' lang='lat' dir='ltr'><strong>tur,</strong></span> <span class='ocrx_word' id='word_1_243' title='bbox 220 2243 309 2292; x_wconf 83' lang='lat' dir='ltr'><strong>extitit</strong></span> <span class='ocrx_word' id='word_1_244' title='bbox 331 2245 446 2306; x_wconf 87' lang='lat' dir='ltr'><strong>tandem,</strong></span> <span class='ocrx_word' id='word_1_245' title='bbox 463 2247 504 2309; x_wconf 90' lang='lat' dir='ltr'><strong>qui</strong></span> <span class='ocrx_word' id='word_1_246' title='bbox 527 2261 584 2294; x_wconf 89' lang='lat' dir='ltr'><strong>eam</strong></span> <span class='ocrx_word' id='word_1_247' title='bbox 602 2246 676 2295; x_wconf 84' lang='lat' dir='ltr'><strong>Conr-</strong></span> <span class='ocrx_word' id='word_1_248' title='bbox 713 2243 895 2307; x_wconf 74' lang='grc' dir='ltr'><strong>ὂγριιμματικὺς</strong></span> <span class='ocrx_word' id='word_1_249' title='bbox 903 2242 974 2306; x_wconf 75' lang='grc' dir='ltr'>ἔλεγε</span> <span class='ocrx_word' id='word_1_250' title='bbox 982 2245 1010 2292; x_wconf 79' lang='lat' dir='ltr'><strong>ri</strong></span> <span class='ocrx_word' id='word_1_251' title='bbox 1016 2244 1079 2306; x_wconf 70' lang='grc' dir='ltr'><strong>μέγα</strong></span> <span class='ocrx_word' id='word_1_252' title='bbox 1087 2245 1244 2302; x_wconf 72' lang='grc' dir='ltr'><strong>βιβλίονῖσον</strong></span> 
     </span>
     <span class='ocr_line' id='line_1_27' title="bbox 151 2317 1244 2381; baseline 0.002 -13"><span class='ocrx_word' id='word_1_253' title='bbox 151 2320 277 2368; x_wconf 86' lang='lat' dir='ltr'><strong>nrcntario</strong></span> <span class='ocrx_word' id='word_1_254' title='bbox 294 2320 425 2369; x_wconf 84' lang='lat' dir='ltr'><strong>luculento</strong></span> <span class='ocrx_word' id='word_1_255' title='bbox 436 2321 587 2381; x_wconf 85' lang='lat' dir='ltr'><strong>illustraret,</strong></span> <span class='ocrx_word' id='word_1_256' title='bbox 603 2322 677 2370; x_wconf 88' lang='lat' dir='ltr'><strong>Cras·</strong></span> <span class='ocrx_word' id='word_1_257' title='bbox 714 2317 813 2381; x_wconf 67' lang='grc' dir='ltr'><strong>εῖναιτῷ</strong></span> <span class='ocrx_word' id='word_1_258' title='bbox 825 2319 1003 2381; x_wconf 55' lang='lat' dir='ltr'><strong>minorari.</strong></span> <span class='ocrx_word' id='word_1_259' title='bbox 1036 2322 1122 2372; x_wconf 83' lang='lat' dir='ltr'><strong>Quom</strong></span> <span class='ocrx_word' id='word_1_260' title='bbox 1139 2327 1244 2370; x_wconf 84' lang='lat' dir='ltr'><strong>senten·</strong></span> 
     </span>
     <span class='ocr_line' id='line_1_28' title="bbox 151 2396 1244 2461; baseline 0.004 -17"><span class='ocrx_word' id='word_1_261' title='bbox 151 2396 226 2446; x_wconf 81' lang='lat' dir='ltr'><strong>altius</strong></span> <span class='ocrx_word' id='word_1_262' title='bbox 235 2396 486 2460; x_wconf 79' lang='lat' dir='ltr'><strong>Grammaticus‚quo</strong></span> <span class='ocrx_word' id='word_1_263' title='bbox 496 2397 676 2460; x_wconf 75' lang='lat' dir='ltr'><strong>nominemag·</strong></span> <span class='ocrx_word' id='word_1_264' title='bbox 715 2397 778 2445; x_wconf 86' lang='lat' dir='ltr'><strong>tiam</strong></span> <span class='ocrx_word' id='word_1_265' title='bbox 797 2396 891 2445; x_wconf 84' lang='lat' dir='ltr'><strong>extulit</strong></span> <span class='ocrx_word' id='word_1_266' title='bbox 907 2396 1044 2446; x_wconf 74' lang='lat' dir='ltr'><strong>Martialis</strong></span> <span class='ocrx_word' id='word_1_267' title='bbox 1054 2397 1102 2461; x_wconf 84' lang='lat' dir='ltr'><strong>ita,</strong></span> <span class='ocrx_word' id='word_1_268' title='bbox 1123 2398 1195 2448; x_wconf 74' lang='lat' dir='ltr'><strong>‘Cui</strong></span> <span class='ocrx_word' id='word_1_269' title='bbox 1207 2400 1244 2448; x_wconf 90' lang='lat' dir='ltr'><strong>le-</strong></span> 
     </span>
     <span class='ocr_line' id='line_1_29' title="bbox 151 2470 1243 2536; baseline 0.002 -15"><span class='ocrx_word' id='word_1_270' title='bbox 151 2487 208 2521; x_wconf 77' lang='lat' dir='ltr'><strong>nam</strong></span> <span class='ocrx_word' id='word_1_271' title='bbox 218 2488 234 2521; x_wconf 92' lang='lat' dir='ltr'><strong>a</strong></span> <span class='ocrx_word' id='word_1_272' title='bbox 242 2472 444 2521; x_wconf 82' lang='lat' dir='ltr'><strong>studiosisinivit</strong></span> <span class='ocrx_word' id='word_1_273' title='bbox 453 2474 568 2536; x_wconf 79' lang='lat' dir='ltr'><strong>gratiam.</strong></span> <span class='ocrx_word' id='word_1_274' title='bbox 583 2475 679 2536; x_wconf 84' lang='lat' dir='ltr'><strong>Quare,</strong></span> <span class='ocrx_word' id='word_1_275' title='bbox 715 2473 784 2534; x_wconf 73' lang='lat' dir='ltr'><strong>gissa</strong></span> <span class='ocrx_word' id='word_1_276' title='bbox 795 2472 859 2521; x_wconf 86' lang='lat' dir='ltr'><strong>satis</strong></span> <span class='ocrx_word' id='word_1_277' title='bbox 868 2486 920 2522; x_wconf 91' lang='lat' dir='ltr'><strong>non</strong></span> <span class='ocrx_word' id='word_1_278' title='bbox 931 2477 972 2521; x_wconf 90' lang='lat' dir='ltr'><strong>est</strong></span> <span class='ocrx_word' id='word_1_279' title='bbox 985 2470 1172 2535; x_wconf 80' lang='lat' dir='ltr'><strong>epigrammata</strong></span> <span class='ocrx_word' id='word_1_280' title='bbox 1183 2488 1243 2523; x_wconf 87' lang='lat' dir='ltr'><strong>cen·</strong></span> 
     </span>
     <span class='ocr_line' id='line_1_30' title="bbox 152 2548 1246 2615; baseline 0.004 -18"><span class='ocrx_word' id='word_1_281' title='bbox 152 2562 229 2612; x_wconf 85' lang='lat' dir='ltr'><strong>quum</strong></span> <span class='ocrx_word' id='word_1_282' title='bbox 241 2549 357 2598; x_wconf 86' lang='lat' dir='ltr'><strong>Catullus</strong></span> <span class='ocrx_word' id='word_1_283' title='bbox 376 2550 409 2597; x_wconf 87' lang='lat' dir='ltr'><strong>de</strong></span> <span class='ocrx_word' id='word_1_284' title='bbox 430 2549 517 2597; x_wconf 78' lang='lat' dir='ltr'><strong>Cinnae</strong></span> <span class='ocrx_word' id='word_1_285' title='bbox 534 2549 629 2598; x_wconf 85' lang='lat' dir='ltr'><strong>sodalis</strong></span> <span class='ocrx_word' id='word_1_286' title='bbox 639 2551 679 2599; x_wconf 87' lang='lat' dir='ltr'><strong>sai</strong></span> <span class='ocrx_word' id='word_1_287' title='bbox 716 2549 830 2610; x_wconf 85' lang='lat' dir='ltr'><strong>tum,Nil</strong></span> <span class='ocrx_word' id='word_1_288' title='bbox 838 2548 875 2599; x_wconf 91' lang='lat' dir='ltr'><strong>illi</strong></span> <span class='ocrx_word' id='word_1_289' title='bbox 883 2549 946 2598; x_wconf 86' lang='lat' dir='ltr'><strong>satis</strong></span> <span class='ocrx_word' id='word_1_290' title='bbox 953 2554 1001 2613; x_wconf 86' lang='lat' dir='ltr'><strong>est,</strong></span> <span class='ocrx_word' id='word_1_291' title='bbox 1009 2548 1246 2615; x_wconf 58' lang='lat' dir='ltr'><strong>Coditianemrli’</strong></span> 
     </span>
     <span class='ocr_line' id='line_1_31' title="bbox 151 2623 887 2688; baseline 0.008 -18"><span class='ocrx_word' id='word_1_292' title='bbox 151 2637 232 2686; x_wconf 87' lang='lat' dir='ltr'><strong>opere</strong></span> <span class='ocrx_word' id='word_1_293' title='bbox 248 2623 287 2671; x_wconf 91' lang='lat' dir='ltr'><strong>ita</strong></span> <span class='ocrx_word' id='word_1_294' title='bbox 304 2629 395 2686; x_wconf 84' lang='lat' dir='ltr'><strong>aperte</strong></span> <span class='ocrx_word' id='word_1_295' title='bbox 409 2624 538 2688; x_wconf 79' lang='lat' dir='ltr'><strong>loquatur,</strong></span> <span class='ocrx_word' id='word_1_296' title='bbox 555 2624 627 2674; x_wconf 85' lang='lat' dir='ltr'><strong>furor</strong></span> <span class='ocrx_word' id='word_1_297' title='bbox 637 2633 679 2676; x_wconf 86' lang='lat' dir='ltr'><strong>est</strong></span> <span class='ocrx_word' id='word_1_298' title='bbox 715 2628 792 2675; x_wconf 79' lang='lat' dir='ltr'><strong>Idem.</strong></span> <span class='ocrx_word' id='word_1_299' title='bbox 884 2654 887 2659; x_wconf 75' lang='lat'><em>,</em></span> 
     </span>
    </p>

    <p class='ocr_par' dir='ltr' id='par_1_6' title="bbox 144 2699 1250 3598">
     <span class='ocr_line' id='line_1_32' title="bbox 153 2699 1245 2765; baseline 0.005 -18"><span class='ocrx_word' id='word_1_300' title='bbox 153 2699 230 2748; x_wconf 84' lang='lat' dir='ltr'><strong>aliter</strong></span> <span class='ocrx_word' id='word_1_301' title='bbox 252 2699 428 2762; x_wconf 83' lang='lat' dir='ltr'><strong>interpretari.</strong></span> <span class='ocrx_word' id='word_1_302' title='bbox 479 2701 567 2752; x_wconf 81' lang='lat' dir='ltr'><strong>Quid?</strong></span> <span class='ocrx_word' id='word_1_303' title='bbox 593 2716 679 2751; x_wconf 88' lang='lat' dir='ltr'><strong>nonne</strong></span> <span class='ocrx_word' id='word_1_304' title='bbox 749 2705 780 2749; x_wconf 87' lang='lat' dir='ltr'><strong>lo</strong></span> <span class='ocrx_word' id='word_1_305' title='bbox 795 2701 831 2750; x_wconf 77' lang='lat' dir='ltr'><strong>At</strong></span> <span class='ocrx_word' id='word_1_306' title='bbox 847 2702 1044 2764; x_wconf 67' lang='lat' dir='ltr'><strong>molarumido</strong></span> <span class='ocrx_word' id='word_1_307' title='bbox 1057 2704 1162 2765; x_wconf 77' lang='lat' dir='ltr'><strong>garrient</strong></span> <span class='ocrx_word' id='word_1_308' title='bbox 1173 2703 1245 2754; x_wconf 78' lang='lat' dir='ltr'><strong>Anti-</strong></span> 
     </span>
     <span class='ocr_line' id='line_1_33' title="bbox 144 2774 1247 2839; baseline 0.005 -17"><span class='ocrx_word' id='word_1_309' title='bbox 144 2775 316 2836; x_wconf 51' lang='lat' dir='ltr'><strong>¹Propertius,</strong></span> <span class='ocrx_word' id='word_1_310' title='bbox 330 2774 375 2838; x_wconf 91' lang='lat' dir='ltr'><strong>qni</strong></span> <span class='ocrx_word' id='word_1_311' title='bbox 386 2775 463 2824; x_wconf 89' lang='lat' dir='ltr'><strong>toties</strong></span> <span class='ocrx_word' id='word_1_312' title='bbox 482 2790 510 2825; x_wconf 84' lang='lat' dir='ltr'><strong>re</strong></span> <span class='ocrx_word' id='word_1_313' title='bbox 529 2777 680 2827; x_wconf 83' lang='lat' dir='ltr'><strong>Callimachi</strong></span> <span class='ocrx_word' id='word_1_314' title='bbox 715 2776 808 2839; x_wconf 73' lang='lat' dir='ltr'><strong>morio]</strong></span> <span class='ocrx_word' id='word_1_315' title='bbox 818 2775 1247 2828; x_wconf 81' lang='lat' dir='ltr'><strong>Martial‘Scribatcarminacir·</strong></span> 
     </span>
     <span class='ocr_line' id='line_1_34' title="bbox 152 2848 1247 2918; baseline 0.006 -21"><span class='ocrx_word' id='word_1_316' title='bbox 152 2850 310 2908; x_wconf 78' lang='lat' dir='ltr'><strong>imitatorem</strong></span> <span class='ocrx_word' id='word_1_317' title='bbox 329 2848 477 2913; x_wconf 84' lang='lat' dir='ltr'><strong>profitetur,</strong></span> <span class='ocrx_word' id='word_1_318' title='bbox 492 2851 536 2914; x_wconf 86' lang='lat' dir='ltr'><strong>qui</strong></span> <span class='ocrx_word' id='word_1_319' title='bbox 556 2866 585 2901; x_wconf 88' lang='lat' dir='ltr'><strong>se</strong></span> <span class='ocrx_word' id='word_1_320' title='bbox 605 2853 680 2902; x_wconf 84' lang='lat' dir='ltr'><strong>calli·</strong></span> <span class='ocrx_word' id='word_1_321' title='bbox 717 2851 781 2901; x_wconf 88' lang='lat' dir='ltr'><strong>culis</strong></span> <span class='ocrx_word' id='word_1_322' title='bbox 791 2851 934 2914; x_wconf 75' lang='lat' dir='ltr'><strong>Palaemon,</strong></span> <span class='ocrx_word' id='word_1_323' title='bbox 950 2853 997 2902; x_wconf 86' lang='lat' dir='ltr'><strong>Me</strong></span> <span class='ocrx_word' id='word_1_324' title='bbox 1013 2852 1099 2903; x_wconf 87' lang='lat' dir='ltr'><strong>doctis</strong></span> <span class='ocrx_word' id='word_1_325' title='bbox 1106 2852 1186 2918; x_wconf 85' lang='lat' dir='ltr'><strong>jurat</strong></span> <span class='ocrx_word' id='word_1_326' title='bbox 1202 2870 1247 2904; x_wconf 87' lang='lat' dir='ltr'><strong>an·</strong></span> 
     </span>
     <span class='ocr_line' id='line_1_35' title="bbox 154 2923 1246 2992; baseline 0.007 -22"><span class='ocrx_word' id='word_1_327' title='bbox 154 2923 272 2971; x_wconf 83' lang='lat' dir='ltr'><strong>mochum</strong></span> <span class='ocrx_word' id='word_1_328' title='bbox 284 2923 428 2972; x_wconf 84' lang='lat' dir='ltr'><strong>Romanum</strong></span> <span class='ocrx_word' id='word_1_329' title='bbox 441 2931 526 2986; x_wconf 85' lang='lat' dir='ltr'><strong>vocat,</strong></span> <span class='ocrx_word' id='word_1_330' title='bbox 537 2941 633 2987; x_wconf 88' lang='lat' dir='ltr'><strong>nonne,</strong></span> <span class='ocrx_word' id='word_1_331' title='bbox 644 2929 681 2977; x_wconf 90' lang='lat' dir='ltr'><strong>in·</strong></span> <span class='ocrx_word' id='word_1_332' title='bbox 717 2928 787 2976; x_wconf 88' lang='lat' dir='ltr'><strong>ribus</strong></span> <span class='ocrx_word' id='word_1_333' title='bbox 799 2927 921 2990; x_wconf 64' lang='lat' dir='ltr'><strong>placere?</strong></span> <span class='ocrx_word' id='word_1_334' title='bbox 945 2928 1038 2992; x_wconf 75' lang='lat' dir='ltr'><strong>virgil.</strong></span> <span class='ocrx_word' id='word_1_335' title='bbox 1049 2929 1076 2978; x_wconf 83' lang='lat' dir='ltr'><strong>in</strong></span> <span class='ocrx_word' id='word_1_336' title='bbox 1084 2931 1246 2979; x_wconf 88' lang='lat' dir='ltr'><strong>Prolusioni-</strong></span> 
     </span>
     <span class='ocr_line' id='line_1_36' title="bbox 155 2998 1246 3065; baseline 0.006 -20"><span class='ocrx_word' id='word_1_337' title='bbox 155 3012 240 3060; x_wconf 84' lang='lat' dir='ltr'><strong>quarn,</strong></span> <span class='ocrx_word' id='word_1_338' title='bbox 255 2998 298 3046; x_wconf 86' lang='lat' dir='ltr'><strong>ille</strong></span> <span class='ocrx_word' id='word_1_339' title='bbox 311 2999 394 3061; x_wconf 86' lang='lat' dir='ltr'><strong>palam</strong></span> <span class='ocrx_word' id='word_1_340' title='bbox 404 3014 462 3047; x_wconf 86' lang='lat' dir='ltr'><strong>eum</strong></span> <span class='ocrx_word' id='word_1_341' title='bbox 472 3007 579 3063; x_wconf 85' lang='lat' dir='ltr'><strong>propter</strong></span> <span class='ocrx_word' id='word_1_342' title='bbox 589 3003 681 3065; x_wconf 69' lang='lat' dir='ltr'><strong>poema</strong></span> <span class='ocrx_word' id='word_1_343' title='bbox 717 3002 774 3061; x_wconf 82' lang='lat' dir='ltr'><strong>bas,</strong></span> <span class='ocrx_word' id='word_1_344' title='bbox 792 3003 838 3051; x_wconf 86' lang='lat' dir='ltr'><strong>‘Si</strong></span> <span class='ocrx_word' id='word_1_345' title='bbox 849 3003 934 3065; x_wconf 82' lang='lat' dir='ltr'><strong>patrio</strong></span> <span class='ocrx_word' id='word_1_346' title='bbox 945 3003 1040 3054; x_wconf 79' lang='lat' dir='ltr'><strong>Graios</strong></span> <span class='ocrx_word' id='word_1_347' title='bbox 1051 3003 1164 3054; x_wconf 84' lang='lat' dir='ltr'><strong>carmine</strong></span> <span class='ocrx_word' id='word_1_348' title='bbox 1172 3004 1246 3052; x_wconf 87' lang='lat' dir='ltr'><strong>adire</strong></span> 
     </span>
     <span class='ocr_line' id='line_1_37' title="bbox 154 3072 1248 3144; baseline 0.006 -23"><span class='ocrx_word' id='word_1_349' title='bbox 154 3072 233 3122; x_wconf 78' lang='lat' dir='ltr'><strong>Ac&#39;tia</strong></span> <span class='ocrx_word' id='word_1_350' title='bbox 242 3072 359 3122; x_wconf 86' lang='lat' dir='ltr'><strong>inflatum</strong></span> <span class='ocrx_word' id='word_1_351' title='bbox 371 3076 463 3124; x_wconf 83' lang='lat' dir='ltr'><strong>vocat?</strong></span> <span class='ocrx_word' id='word_1_352' title='bbox 486 3076 536 3125; x_wconf 83' lang='lat' dir='ltr'><strong>Sed</strong></span> <span class='ocrx_word' id='word_1_353' title='bbox 545 3077 606 3141; x_wconf 91' lang='lat' dir='ltr'><strong>quid</strong></span> <span class='ocrx_word' id='word_1_354' title='bbox 614 3092 680 3141; x_wconf 85' lang='lat' dir='ltr'><strong>opus</strong></span> <span class='ocrx_word' id='word_1_355' title='bbox 717 3078 784 3126; x_wconf 82' lang='lat' dir='ltr'><strong>raico</strong></span> <span class='ocrx_word' id='word_1_356' title='bbox 794 3077 942 3141; x_wconf 83' lang='lat' dir='ltr'><strong>Possumus,</strong></span> <span class='ocrx_word' id='word_1_357' title='bbox 949 3079 1046 3142; x_wconf 78' lang='lat' dir='ltr'><strong>optatis</strong></span> <span class='ocrx_word' id='word_1_358' title='bbox 1057 3080 1113 3144; x_wconf 78' lang='lat' dir='ltr'><strong>pluo</strong></span> <span class='ocrx_word' id='word_1_359' title='bbox 1120 3078 1176 3143; x_wconf 86' lang='lat' dir='ltr'><strong>jam</strong></span> <span class='ocrx_word' id='word_1_360' title='bbox 1187 3094 1248 3144; x_wconf 89' lang='lat' dir='ltr'><strong>pro·</strong></span> 
     </span>
     <span class='ocr_line' id='line_1_38' title="bbox 155 3149 1249 3220; baseline 0.005 -21"><span class='ocrx_word' id='word_1_361' title='bbox 155 3156 195 3199; x_wconf 80' lang='lat' dir='ltr'><strong>est</strong></span> <span class='ocrx_word' id='word_1_362' title='bbox 206 3149 290 3206; x_wconf 70' lang='lat' dir='ltr'><strong>alieno</strong></span> <span class='ocrx_word' id='word_1_363' title='bbox 307 3149 470 3201; x_wconf 85' lang='lat' dir='ltr'><strong>testimonio?</strong></span> <span class='ocrx_word' id='word_1_364' title='bbox 485 3166 518 3201; x_wconf 92' lang='lat' dir='ltr'><strong>en</strong></span> <span class='ocrx_word' id='word_1_365' title='bbox 529 3153 585 3216; x_wconf 85' lang='lat' dir='ltr'><strong>ipsc</strong></span> <span class='ocrx_word' id='word_1_366' title='bbox 596 3154 682 3204; x_wconf 73' lang='grc' dir='ltr'>οἴκοθεν</span> <span class='ocrx_word' id='word_1_367' title='bbox 717 3152 832 3203; x_wconf 83' lang='lat' dir='ltr'><strong>ccdimus</strong></span> <span class='ocrx_word' id='word_1_368' title='bbox 843 3153 914 3216; x_wconf 85' lang='lat' dir='ltr'><strong>ipsis.</strong></span> <span class='ocrx_word' id='word_1_369' title='bbox 947 3155 1007 3204; x_wconf 87' lang='lat' dir='ltr'><strong>Hoc</strong></span> <span class='ocrx_word' id='word_1_370' title='bbox 1018 3154 1082 3205; x_wconf 84' lang='lat' dir='ltr'><strong>satis</strong></span> <span class='ocrx_word' id='word_1_371' title='bbox 1094 3161 1145 3218; x_wconf 87' lang='lat' dir='ltr'><strong>est,</strong></span> <span class='ocrx_word' id='word_1_372' title='bbox 1156 3155 1249 3220; x_wconf 76' lang='lat' dir='ltr'><strong>pingui</strong></span> 
     </span>
     <span class='ocr_line' id='line_1_39' title="bbox 155 3223 1130 3293; baseline 0.009 -22"><span class='ocrx_word' id='word_1_373' title='bbox 155 3223 241 3288; x_wconf 67' lang='grc' dir='ltr'><strong><em>μάρτυς</em></strong></span> <span class='ocrx_word' id='word_1_374' title='bbox 251 3225 300 3273; x_wconf 89' lang='lat' dir='ltr'><strong>hoc</strong></span> <span class='ocrx_word' id='word_1_375' title='bbox 310 3224 383 3274; x_wconf 88' lang='lat' dir='ltr'><strong>dicit.</strong></span> <span class='ocrx_word' id='word_1_376' title='bbox 417 3227 494 3277; x_wconf 82' lang='lat' dir='ltr'><strong>Quod</strong></span> <span class='ocrx_word' id='word_1_377' title='bbox 511 3234 597 3278; x_wconf 77' lang='lat' dir='ltr'><strong>cutem</strong></span> <span class='ocrx_word' id='word_1_378' title='bbox 609 3231 682 3280; x_wconf 86' lang='lat' dir='ltr'><strong>aiunt</strong></span> <span class='ocrx_word' id='word_1_379' title='bbox 717 3229 754 3278; x_wconf 91' lang='lat' dir='ltr'><strong>nil</strong></span> <span class='ocrx_word' id='word_1_380' title='bbox 767 3229 829 3279; x_wconf 84' lang='lat' dir='ltr'><strong>milri</strong></span> <span class='ocrx_word' id='word_1_381' title='bbox 839 3243 899 3278; x_wconf 83' lang='lat' dir='ltr'><strong>cnm</strong></span> <span class='ocrx_word' id='word_1_382' title='bbox 915 3228 1034 3293; x_wconf 64' lang='lat' dir='ltr'><strong>populo!</strong></span> <span class='ocrx_word' id='word_1_383' title='bbox 1051 3231 1130 3280; x_wconf 73' lang='lat' dir='ltr'><strong>locor.</strong></span> 
     </span>
     <span class='ocr_line' id='line_1_40' title="bbox 155 3300 1248 3367; baseline 0.006 -19"><span class='ocrx_word' id='word_1_384' title='bbox 155 3300 272 3351; x_wconf 86' lang='lat' dir='ltr'><strong>ultimam</strong></span> <span class='ocrx_word' id='word_1_385' title='bbox 293 3314 382 3350; x_wconf 85' lang='lat' dir='ltr'><strong>vocem</strong></span> <span class='ocrx_word' id='word_1_386' title='bbox 403 3301 477 3365; x_wconf 85' lang='lat' dir='ltr'><strong>hujus</strong></span> <span class='ocrx_word' id='word_1_387' title='bbox 507 3304 626 3354; x_wconf 81' lang='lat' dir='ltr'><strong>versiculi</strong></span> <span class='ocrx_word' id='word_1_388' title='bbox 654 3307 695 3359; x_wconf 72' lang='lat' dir='ltr'><strong>in,</strong></span> <span class='ocrx_word' id='word_1_389' title='bbox 750 3303 902 3367; x_wconf 67' lang='lat' dir='ltr'><strong>Antimacho]</strong></span> <span class='ocrx_word' id='word_1_390' title='bbox 918 3306 978 3357; x_wconf 83' lang='lat' dir='ltr'><strong>Jarn</strong></span> <span class='ocrx_word' id='word_1_391' title='bbox 996 3305 1136 3356; x_wconf 82' lang='lat' dir='ltr'><strong>manifesto</strong></span> <span class='ocrx_word' id='word_1_392' title='bbox 1153 3306 1248 3356; x_wconf 89' lang='lat' dir='ltr'><strong>confir-</strong></span> 
     </span>
     <span class='ocr_line' id='line_1_41' title="bbox 155 3376 1250 3448; baseline 0.008 -24"><span class='ocrx_word' id='word_1_393' title='bbox 155 3377 261 3439; x_wconf 85' lang='lat' dir='ltr'><strong>soriptio</strong></span> <span class='ocrx_word' id='word_1_394' title='bbox 293 3376 393 3439; x_wconf 87' lang='lat' dir='ltr'><strong>deesse,</strong></span> <span class='ocrx_word' id='word_1_395' title='bbox 419 3392 468 3441; x_wconf 80' lang='lat' dir='ltr'><strong>ego</strong></span> <span class='ocrx_word' id='word_1_396' title='bbox 499 3380 587 3429; x_wconf 88' lang='lat' dir='ltr'><strong>nescio</strong></span> <span class='ocrx_word' id='word_1_397' title='bbox 621 3396 683 3445; x_wconf 88' lang='lat' dir='ltr'><strong>qnos</strong></span> <span class='ocrx_word' id='word_1_398' title='bbox 718 3387 805 3431; x_wconf 85' lang='lat' dir='ltr'><strong>matur</strong></span> <span class='ocrx_word' id='word_1_399' title='bbox 814 3380 842 3430; x_wconf 85' lang='lat' dir='ltr'><strong>id</strong></span> <span class='ocrx_word' id='word_1_400' title='bbox 853 3382 922 3447; x_wconf 88' lang='lat' dir='ltr'><strong>qnod</strong></span> <span class='ocrx_word' id='word_1_401' title='bbox 933 3383 1052 3446; x_wconf 82' lang='lat' dir='ltr'><strong>diximus,</strong></span> <span class='ocrx_word' id='word_1_402' title='bbox 1062 3383 1152 3432; x_wconf 73' lang='lat' dir='ltr'><strong>Cinnas</strong></span> <span class='ocrx_word' id='word_1_403' title='bbox 1164 3385 1250 3448; x_wconf 81' lang='lat' dir='ltr'><strong>Smyr·</strong></span> 
     </span>
     <span class='ocr_line' id='line_1_42' title="bbox 156 3451 1249 3520; baseline 0.008 -21"><span class='ocrx_word' id='word_1_404' title='bbox 156 3451 266 3512; x_wconf 86' lang='lat' dir='ltr'><strong>scriptos</strong></span> <span class='ocrx_word' id='word_1_405' title='bbox 277 3451 356 3500; x_wconf 87' lang='lat' dir='ltr'><strong>libros</strong></span> <span class='ocrx_word' id='word_1_406' title='bbox 375 3452 437 3500; x_wconf 79' lang='lat' dir='ltr'><strong>mihi</strong></span> <span class='ocrx_word' id='word_1_407' title='bbox 456 3452 588 3515; x_wconf 85' lang='lat' dir='ltr'><strong>objiciant,</strong></span> <span class='ocrx_word' id='word_1_408' title='bbox 605 3470 682 3519; x_wconf 87' lang='lat' dir='ltr'><strong>quum</strong></span> <span class='ocrx_word' id='word_1_409' title='bbox 718 3471 777 3505; x_wconf 86' lang='lat' dir='ltr'><strong>nam</strong></span> <span class='ocrx_word' id='word_1_410' title='bbox 789 3456 881 3520; x_wconf 67' lang='lat' dir='ltr'><strong>points</strong></span> <span class='ocrx_word' id='word_1_411' title='bbox 891 3464 1047 3520; x_wconf 73' lang='lat' dir='ltr'><strong>etmagrrum</strong></span> <span class='ocrx_word' id='word_1_412' title='bbox 1064 3465 1093 3507; x_wconf 89' lang='lat' dir='ltr'><strong>et</strong></span> <span class='ocrx_word' id='word_1_413' title='bbox 1109 3459 1249 3508; x_wconf 85' lang='lat' dir='ltr'><strong>obscurum</strong></span> 
     </span>
     <span class='ocr_line' id='line_1_43' title="bbox 155 3525 1249 3598; baseline 0.008 -25"><span class='ocrx_word' id='word_1_414' title='bbox 155 3525 260 3574; x_wconf 88' lang='lat' dir='ltr'><strong>illorum</strong></span> <span class='ocrx_word' id='word_1_415' title='bbox 277 3526 340 3575; x_wconf 88' lang='lat' dir='ltr'><strong>nulli</strong></span> <span class='ocrx_word' id='word_1_416' title='bbox 357 3535 448 3576; x_wconf 83' lang='lat' dir='ltr'><strong>noster</strong></span> <span class='ocrx_word' id='word_1_417' title='bbox 462 3529 579 3578; x_wconf 81' lang='lat' dir='ltr'><strong>bonitate</strong></span> <span class='ocrx_word' id='word_1_418' title='bbox 598 3545 683 3595; x_wconf 86' lang='lat' dir='ltr'><strong>nequo</strong></span> <span class='ocrx_word' id='word_1_419' title='bbox 719 3531 816 3593; x_wconf 84' lang='lat' dir='ltr'><strong>fnisse;</strong></span> <span class='ocrx_word' id='word_1_420' title='bbox 833 3540 975 3598; x_wconf 79' lang='lat' dir='ltr'><strong>propterea</strong></span> <span class='ocrx_word' id='word_1_421' title='bbox 989 3535 1057 3583; x_wconf 88' lang='lat' dir='ltr'><strong>enim</strong></span> <span class='ocrx_word' id='word_1_422' title='bbox 1073 3541 1211 3597; x_wconf 84' lang='lat' dir='ltr'><strong>comparat</strong></span> <span class='ocrx_word' id='word_1_423' title='bbox 1222 3534 1249 3582; x_wconf 94' lang='lat' dir='ltr'><strong>id</strong></span> 
     </span>
    </p>
   </div>
   <div class='ocr_carea' id='block_1_5' title="bbox 154 3601 1250 3749">
    <p class='ocr_par' dir='ltr' id='par_1_7' title="bbox 154 3601 1250 3749">
     <span class='ocr_line' id='line_1_44' title="bbox 154 3601 1250 3667; baseline 0.008 -19"><span class='ocrx_word' id='word_1_424' title='bbox 154 3606 285 3650; x_wconf 80' lang='lat' dir='ltr'><strong>vetustate</strong></span> <span class='ocrx_word' id='word_1_425' title='bbox 296 3601 386 3650; x_wconf 86' lang='lat' dir='ltr'><strong>cedat:</strong></span> <span class='ocrx_word' id='word_1_426' title='bbox 405 3609 533 3664; x_wconf 70' lang='lat' dir='ltr'><strong>praterea</strong></span> <span class='ocrx_word' id='word_1_427' title='bbox 543 3605 684 3655; x_wconf 73' lang='lat' dir='ltr'><strong>monimenta</strong></span> <span class='ocrx_word' id='word_1_428' title='bbox 719 3610 845 3660; x_wconf 78' lang='lat' dir='ltr'><strong>Thebaidi</strong></span> <span class='ocrx_word' id='word_1_429' title='bbox 854 3610 959 3661; x_wconf 75' lang='lat' dir='ltr'><strong>Ciclicas</strong></span> <span class='ocrx_word' id='word_1_430' title='bbox 968 3608 1127 3658; x_wconf 80' lang='lat' dir='ltr'><strong>Antimaclri.</strong></span> <span class='ocrx_word' id='word_1_431' title='bbox 1144 3609 1250 3667; x_wconf 74' lang='grc' dir='ltr'><strong>Κυκλιιιὴ</strong></span> 
     </span>
     <span class='ocr_line' id='line_1_45' title="bbox 157 3676 1249 3749; baseline 0.01 -23"><span class='ocrx_word' id='word_1_432' title='bbox 157 3677 244 3726; x_wconf 77' lang='lat' dir='ltr'><strong>loboris</strong></span> <span class='ocrx_word' id='word_1_433' title='bbox 253 3676 409 3726; x_wconf 87' lang='lat' dir='ltr'><strong>Parthenius</strong></span> <span class='ocrx_word' id='word_1_434' title='bbox 429 3679 489 3727; x_wconf 91' lang='lat' dir='ltr'><strong>olim</strong></span> <span class='ocrx_word' id='word_1_435' title='bbox 506 3680 598 3731; x_wconf 81' lang='lat' dir='ltr'><strong>edidit.</strong></span> <span class='ocrx_word' id='word_1_436' title='bbox 631 3682 683 3730; x_wconf 86' lang='lat' dir='ltr'><strong>De·</strong></span> <span class='ocrx_word' id='word_1_437' title='bbox 720 3686 804 3748; x_wconf 73' lang='lat' dir='ltr'><strong>polinis</strong></span> <span class='ocrx_word' id='word_1_438' title='bbox 821 3685 926 3748; x_wconf 80' lang='lat' dir='ltr'><strong>dicitnr,</strong></span> <span class='ocrx_word' id='word_1_439' title='bbox 942 3700 1000 3749; x_wconf 78' lang='lat' dir='ltr'><strong>quos</strong></span> <span class='ocrx_word' id='word_1_440' title='bbox 1015 3691 1099 3734; x_wconf 90' lang='lat' dir='ltr'><strong>totam</strong></span> <span class='ocrx_word' id='word_1_441' title='bbox 1115 3687 1249 3737; x_wconf 79' lang='lat' dir='ltr'><strong>historiam</strong></span> 
     </span>
    </p>
   </div>
   <div class='ocr_carea' id='block_1_6' title="bbox 103 3752 1250 4204">
    <p class='ocr_par' dir='ltr' id='par_1_8' title="bbox 103 3752 1250 4204">
     <span class='ocr_line' id='line_1_46' title="bbox 155 3752 1249 3827; baseline 0.01 -26"><span class='ocrx_word' id='word_1_442' title='bbox 155 3752 234 3817; x_wconf 86' lang='lat' dir='ltr'><strong>nique</strong></span> <span class='ocrx_word' id='word_1_443' title='bbox 244 3753 335 3801; x_wconf 86' lang='lat' dir='ltr'><strong>codem</strong></span> <span class='ocrx_word' id='word_1_444' title='bbox 346 3753 422 3802; x_wconf 90' lang='lat' dir='ltr'><strong>modo</strong></span> <span class='ocrx_word' id='word_1_445' title='bbox 434 3754 548 3804; x_wconf 88' lang='lat' dir='ltr'><strong>Martial.</strong></span> <span class='ocrx_word' id='word_1_446' title='bbox 563 3758 683 3819; x_wconf 83' lang='lat' dir='ltr'><strong>loqrrutns</strong></span> <span class='ocrx_word' id='word_1_447' title='bbox 721 3759 754 3807; x_wconf 85' lang='lat' dir='ltr'><strong>ab</strong></span> <span class='ocrx_word' id='word_1_448' title='bbox 766 3757 826 3821; x_wconf 84' lang='lat' dir='ltr'><strong>ipsis</strong></span> <span class='ocrx_word' id='word_1_449' title='bbox 837 3759 916 3807; x_wconf 88' lang='lat' dir='ltr'><strong>initiis</strong></span> <span class='ocrx_word' id='word_1_450' title='bbox 928 3760 962 3809; x_wconf 90' lang='lat' dir='ltr'><strong>ad</strong></span> <span class='ocrx_word' id='word_1_451' title='bbox 976 3759 1053 3810; x_wconf 75' lang='lat' dir='ltr'><strong>linem</strong></span> <span class='ocrx_word' id='word_1_452' title='bbox 1065 3775 1147 3827; x_wconf 86' lang='lat' dir='ltr'><strong>nsque</strong></span> <span class='ocrx_word' id='word_1_453' title='bbox 1158 3764 1249 3812; x_wconf 85' lang='lat' dir='ltr'><strong>ordine</strong></span> 
     </span>
     <span class='ocr_line' id='line_1_47' title="bbox 157 3829 1250 3902; baseline 0.007 -24"><span class='ocrx_word' id='word_1_454' title='bbox 157 3838 209 3892; x_wconf 85' lang='lat' dir='ltr'><strong>est,</strong></span> <span class='ocrx_word' id='word_1_455' title='bbox 235 3829 361 3892; x_wconf 83' lang='lat' dir='ltr'><strong>‘Accipe</strong></span> <span class='ocrx_word' id='word_1_456' title='bbox 381 3843 433 3877; x_wconf 87' lang='lat' dir='ltr'><strong>non</strong></span> <span class='ocrx_word' id='word_1_457' title='bbox 454 3830 533 3878; x_wconf 88' lang='lat' dir='ltr'><strong>Pario</strong></span> <span class='ocrx_word' id='word_1_458' title='bbox 563 3832 684 3881; x_wconf 83' lang='lat' dir='ltr'><strong>nutantia</strong></span> <span class='ocrx_word' id='word_1_459' title='bbox 720 3833 830 3893; x_wconf 79' lang='lat' dir='ltr'><strong>recitat;</strong></span> <span class='ocrx_word' id='word_1_460' title='bbox 848 3833 1015 3884; x_wconf 87' lang='lat' dir='ltr'><strong>ntsibcllum</strong></span> <span class='ocrx_word' id='word_1_461' title='bbox 1027 3837 1170 3900; x_wconf 74' lang='lat' dir='ltr'><strong>&#39;l&#39;rojaoum</strong></span> <span class='ocrx_word' id='word_1_462' title='bbox 1183 3852 1250 3902; x_wconf 81' lang='lat' dir='ltr'><strong>age-</strong></span> 
     </span>
     <span class='ocr_line' id='line_1_48' title="bbox 158 3904 1249 3974; baseline 0.01 -22"><span class='ocrx_word' id='word_1_463' title='bbox 158 3904 273 3967; x_wconf 85' lang='lat' dir='ltr'><strong>pondera</strong></span> <span class='ocrx_word' id='word_1_464' title='bbox 283 3919 353 3967; x_wconf 85' lang='lat' dir='ltr'><strong>saxo,</strong></span> <span class='ocrx_word' id='word_1_465' title='bbox 369 3906 435 3956; x_wconf 76' lang='lat' dir='ltr'><strong>Quas</strong></span> <span class='ocrx_word' id='word_1_466' title='bbox 454 3904 535 3954; x_wconf 88' lang='lat' dir='ltr'><strong>cineri</strong></span> <span class='ocrx_word' id='word_1_467' title='bbox 554 3919 626 3954; x_wconf 84' lang='lat' dir='ltr'><strong>caros</strong></span> <span class='ocrx_word' id='word_1_468' title='bbox 637 3906 685 3955; x_wconf 84' lang='lat' dir='ltr'><strong>dat</strong></span> <span class='ocrx_word' id='word_1_469' title='bbox 720 3908 790 3958; x_wconf 89' lang='lat' dir='ltr'><strong>mino</strong></span> <span class='ocrx_word' id='word_1_470' title='bbox 806 3924 855 3958; x_wconf 86' lang='lat' dir='ltr'><strong>oro</strong></span> <span class='ocrx_word' id='word_1_471' title='bbox 875 3911 1025 3974; x_wconf 80' lang='lat' dir='ltr'><strong>exordiaris,</strong></span> <span class='ocrx_word' id='word_1_472' title='bbox 1042 3920 1072 3963; x_wconf 91' lang='lat' dir='ltr'><strong>nt</strong></span> <span class='ocrx_word' id='word_1_473' title='bbox 1083 3913 1194 3964; x_wconf 67' lang='lat' dir='ltr'><strong>Helenae</strong></span> <span class='ocrx_word' id='word_1_474' title='bbox 1205 3929 1249 3963; x_wconf 80' lang='lat' dir='ltr'><strong>na·</strong></span> 
     </span>
     <span class='ocr_line' id='line_1_49' title="bbox 159 3979 1249 4054; baseline 0.011 -27"><span class='ocrx_word' id='word_1_475' title='bbox 159 3979 260 4028; x_wconf 88' lang='lat' dir='ltr'><strong>ruitura</strong></span> <span class='ocrx_word' id='word_1_476' title='bbox 270 3980 358 4029; x_wconf 84' lang='lat' dir='ltr'><strong>labor:</strong></span> <span class='ocrx_word' id='word_1_477' title='bbox 375 3980 427 4030; x_wconf 85' lang='lat' dir='ltr'><strong>Sed</strong></span> <span class='ocrx_word' id='word_1_478' title='bbox 439 3979 543 4043; x_wconf 79' lang='lat' dir='ltr'><strong>fragiles</strong></span> <span class='ocrx_word' id='word_1_479' title='bbox 555 3980 645 4044; x_wconf 79' lang='lat' dir='ltr'><strong>buxos,</strong></span> <span class='ocrx_word' id='word_1_480' title='bbox 656 3990 684 4031; x_wconf 89' lang='lat' dir='ltr'><strong>et</strong></span> <span class='ocrx_word' id='word_1_481' title='bbox 721 3986 786 4034; x_wconf 88' lang='lat' dir='ltr'><strong>tales</strong></span> <span class='ocrx_word' id='word_1_482' title='bbox 797 3985 952 4049; x_wconf 84' lang='lat' dir='ltr'><strong>principium</strong></span> <span class='ocrx_word' id='word_1_483' title='bbox 964 3987 1014 4034; x_wconf 89' lang='lat' dir='ltr'><strong>sint</strong></span> <span class='ocrx_word' id='word_1_484' title='bbox 1025 3989 1109 4050; x_wconf 87' lang='lat' dir='ltr'><strong>operi,</strong></span> <span class='ocrx_word' id='word_1_485' title='bbox 1125 3991 1188 4054; x_wconf 87' lang='lat' dir='ltr'><strong>quia</strong></span> <span class='ocrx_word' id='word_1_486' title='bbox 1206 3991 1249 4039; x_wconf 90' lang='lat' dir='ltr'><strong>illa</strong></span> 
     </span>
     <span class='ocr_line' id='line_1_50' title="bbox 160 4054 1250 4128; baseline 0.012 -27"><span class='ocrx_word' id='word_1_487' title='bbox 160 4068 253 4116; x_wconf 85' lang='lat' dir='ltr'><strong>opacas</strong></span> <span class='ocrx_word' id='word_1_488' title='bbox 271 4054 382 4117; x_wconf 84' lang='lat' dir='ltr'><strong>palmitis</strong></span> <span class='ocrx_word' id='word_1_489' title='bbox 392 4055 503 4117; x_wconf 82' lang='lat' dir='ltr'><strong>umbras,</strong></span> <span class='ocrx_word' id='word_1_490' title='bbox 519 4057 636 4120; x_wconf 79' lang='lat' dir='ltr'><strong>Quaeque</strong></span> <span class='ocrx_word' id='word_1_491' title='bbox 648 4057 684 4105; x_wconf 86' lang='lat' dir='ltr'><strong>vi·</strong></span> <span class='ocrx_word' id='word_1_492' title='bbox 721 4060 771 4108; x_wconf 82' lang='lat' dir='ltr'><strong>fuit</strong></span> <span class='ocrx_word' id='word_1_493' title='bbox 789 4075 879 4110; x_wconf 77' lang='lat' dir='ltr'><strong>caussa</strong></span> <span class='ocrx_word' id='word_1_494' title='bbox 898 4061 967 4109; x_wconf 80' lang='lat' dir='ltr'><strong>iliius</strong></span> <span class='ocrx_word' id='word_1_495' title='bbox 988 4061 1069 4112; x_wconf 77' lang='lat' dir='ltr'><strong>belli:</strong></span> <span class='ocrx_word' id='word_1_496' title='bbox 1095 4063 1164 4128; x_wconf 86' lang='lat' dir='ltr'><strong>quod</strong></span> <span class='ocrx_word' id='word_1_497' title='bbox 1185 4063 1250 4114; x_wconf 85' lang='lat' dir='ltr'><strong>fecit</strong></span> 
     </span>
     <span class='ocr_line' id='line_1_51' title="bbox 103 4126 1250 4204; baseline 0.012 -29"><span class='ocrx_word' id='word_1_498' title='bbox 103 4133 113 4148; x_wconf 76' lang='lat'><em>⁶</em></span> <span class='ocrx_word' id='word_1_499' title='bbox 160 4137 219 4178; x_wconf 90' lang='lat' dir='ltr'><strong>rent</strong></span> <span class='ocrx_word' id='word_1_500' title='bbox 230 4130 340 4180; x_wconf 86' lang='lat' dir='ltr'><strong>lacrimis</strong></span> <span class='ocrx_word' id='word_1_501' title='bbox 350 4130 452 4180; x_wconf 81' lang='lat' dir='ltr'><strong>roscida</strong></span> <span class='ocrx_word' id='word_1_502' title='bbox 460 4132 621 4194; x_wconf 78' lang='lat' dir='ltr'><strong>pratomeis3</strong></span> <span class='ocrx_word' id='word_1_503' title='bbox 634 4131 684 4182; x_wconf 81' lang='lat' dir='ltr'><strong>Ac·</strong></span> <span class='ocrx_word' id='word_1_504' title='bbox 721 4137 775 4200; x_wconf 85' lang='lat' dir='ltr'><strong>ille,</strong></span> <span class='ocrx_word' id='word_1_505' title='bbox 793 4137 835 4201; x_wconf 89' lang='lat' dir='ltr'><strong>qui</strong></span> <span class='ocrx_word' id='word_1_506' title='bbox 850 4126 939 4199; x_wconf 68' lang='grc' dir='ltr'><strong>’Μικρὸν</strong></span> <span class='ocrx_word' id='word_1_507' title='bbox 947 4135 1044 4204; x_wconf 73' lang='grc' dir='ltr'><strong>Ἰλιάδα,</strong></span> <span class='ocrx_word' id='word_1_508' title='bbox 1055 4153 1113 4204; x_wconf 78' lang='lat' dir='ltr'><strong>quae</strong></span> <span class='ocrx_word' id='word_1_509' title='bbox 1125 4140 1202 4191; x_wconf 85' lang='lat' dir='ltr'><strong>aliter</strong></span> <span class='ocrx_word' id='word_1_510' title='bbox 1213 4158 1250 4190; x_wconf 81' lang='grc' dir='ltr'><strong>κυ-</strong></span> 
     </span>
    </p>
   </div>
   <div class='ocr_carea' id='block_1_7' title="bbox 0 0 1419 4702">
    <p class='ocr_par' dir='ltr' id='par_1_9' title="bbox 0 0 1419 4702">
     <span class='ocr_line' id='line_1_52' title="bbox 0 0 1419 4702; baseline 0 0"><span class='ocrx_word' id='word_1_511' title='bbox 0 0 1419 4702; x_wconf 95' lang='lat' dir='ltr'><strong> </strong></span> 
     </span>
    </p>
   </div>
  </div>
 </body>
</html>
