2774 4702
137 323 204 389 358
488 331 596 384 nuru
621 337 821 392 vunrooun
847 339 886 388 ru

136 485 268 544 postrema
279 475 386 541 syllaba.
404 475 461 526 Nec
471 488 533 525 vero
544 478 664 526 Muretus
703 479 783 528 sacris
799 479 909 529 honesta
923 485 1040 530 mairona
1056 480 1180 545 pudenda
1199 484 1239 533 vi·

136 555 235 617 placet,
248 553 292 614 qui
310 551 341 600 ad
362 552 494 615 populum,
511 552 580 616 quod
599 566 665 616 pra·
703 554 762 604 tilia
787 555 926 604 coronabat
953 561 1092 618 spectante
1117 557 1237 609 multitu·

136 625 317 690 ceditrefere
339 627 414 676 Idem.
512 621 516 626 ’
703 628 782 679 ἀίω
815 630 891 679 Hanc
904 629 987 692 ipsam
996 629 1066 680 iufra
1077 639 1156 682 vocat
1171 633 1236 682 ‘co-

169 703 277 767 ulna]
303 704 367 753 ibor
385 703 491 769 antique
514 718 562 768 pro
580 707 665 753 tneor.
703 703 864 754 conatioucm
891 704 1002 754 virilium
1036 705 1236 770 pudendorum.'

137 783 208 834 Fosi.
228 781 335 829 Lucret.
357 779 402 828 lib.
419 795 440 828 1.
466 780 546 830 ‘Nec
568 779 665 829 calidos
704 779 851 829 Pmcbuliaa.

136 862 215 906 aestua
227 854 338 904 tuimur!
357 854 432 904 Idem
443 854 487 904 lib.
499 869 535 904 rr.
552 856 561 883 ‘
571 854 665 903 diluta·
737 858 768 903 14
787 855 906 918 Terrorque
913 855 1006 919 oculo]
1024 854 1149 921 Antiqua.
1167 857 1238 907 Nam

136 936 295 995 quecontra,
313 929 379 980 Cum
398 931 494 979 tuimur
509 929 613 979 misceri
623 930 666 979 ab·
705 929 837 979 veteribus
847 930 933 981 omnia
943 945 1000 994 quaa
1015 931 1043 979 in
1057 944 1095 980 aa
1105 931 1239 995 desinunt,

136 1007 241 1070 sinilia,
249 1006 331 1068 tangit
340 1019 442 1054 amaror
452 1004 469 1053 ι’
479 1017 554 1068 qoem
563 1018 667 1053 versum
705 1005 841 1054 maximam
863 1013 965 1068 partem
984 1006 1132 1056 communia
1152 1013 1238 1057 erant.
1274 1025 1277 1029 ·

136 1080 207 1131 idern
226 1083 322 1145 repetit
340 1080 386 1130 lib.
406 1093 444 1129 vr.
465 1079 509 1129 ubi
528 1079 561 1128 de
578 1078 666 1143 lapide
704 1081 817 1131 ‘Fames
833 1081 911 1140 acer‚'
924 1081 1032 1130 Nerine
1049 1079 1170 1132 debello
1187 1084 1239 1132 Pn-

136 1163 258 1219 magnete
267 1156 389 1219 loquitur.
706 1158 775 1208 nico.
801 1156 892 1207 ‘Acer
908 1156 1006 1219 biems,'
1028 1157 1135 1206 Ennius.
1162 1158 1239 1208 Idem
1289 1215 1293 1222 ,

168 1235 185 1279 6
202 1230 268 1278 Mlti
277 1229 374 1291 mollo]
390 1229 472 1291 Picta,
482 1229 509 1278 id
522 1234 572 1288 est,
581 1228 667 1278 mniti-
708 1233 814 1283 Naevius
824 1232 871 1282 lib.
881 1245 912 1282 11.
929 1231 992 1281 belli
1005 1231 1112 1282 Punici:
1130 1231 1240 1282 ‘Prima

136 1305 218 1367 color,
226 1305 307 1353 veluti
318 1304 590 1367 constanseplnribus
600 1302 667 1352 flori·
707 1306 805 1357 incedit
840 1306 942 1357 Cereris
968 1306 1128 1369 Proserpina
1154 1308 1239 1371 puer!

135 1380 193 1429 bus.
225 1380 311 1443 Hujus
321 1378 404 1429 ferme
420 1381 521 1444 generis
537 1387 579 1429 est
593 1379 667 1442 illud,
707 1398 766 1433 cnm
780 1383 858 1433 ctiam
874 1383 989 1446 ‘pucra’
1004 1381 1132 1432 dicerent.
1150 1384 1240 1435 birine

138 1455 210 1519 quod
222 1455 248 1503 in
260 1456 346 1506 Carm.
360 1455 407 1504 lib.
419 1454 541 1518 refertur,
553 1471 576 1506 c.
587 1460 628 1506 49.
639 1464 668 1505 et
709 1458 804 1522 Odyea.
826 1457 910 1506 ‘Mea
928 1470 1009 1521 puera
1029 1457 1092 1522 qnid
1113 1459 1188 1508 verbi
1206 1474 1240 1508 ex

137 1546 161 1583 c.
172 1536 213 1580 ⁵0.
232 1531 415 1596 Huncmorem
423 1532 534 1594 August.
543 1532 668 1582 describit
708 1539 754 1582 tuo
763 1546 808 1582 ore
816 1529 939 1596 profluit!
955 1531 1037 1580 licia.

137 1607 185 1656 lib.
203 1621 254 1673 un.
275 1622 298 1659 c.
315 1612 357 1656 21.
378 1606 412 1656 de
431 1607 510 1656 Civit.
528 1607 589 1657 Dei.
614 1607 668 1656 ‘Iu
740 1611 771 1656 17
788 1607 933 1668 Manumque
950 1603 1052 1666 sorarm]
1079 1605 1179 1656 &rmum
1191 1608 1240 1671 [bic

137 1683 236 1747 oppido
257 1684 365 1733 Lavinio
391 1696 454 1732 nnus
480 1682 576 1732 Libero
596 1687 667 1732 totus
707 1696 755 1745 pro
776 1681 929 1731 ‘seorsum'
949 1679 1084 1742 accipiunt
1100 1682 1165 1733 Pet.
1178 1682 1240 1732 Vic-

137 1759 233 1807 mensis
245 1758 417 1820 tribuebatur,
428 1759 500 1823 cnjus
515 1758 603 1808 diebus
615 1772 667 1807 om·
708 1758 801 1822 torius,
825 1759 887 1807 Vas.
912 1757 975 1806 lect.
996 1757 1041 1806 lib.
1062 1768 1130 1808 xxv.
1153 1773 1178 1808 c.
1200 1763 1240 1809 12

136 1848 184 1883 nee
203 1834 286 1882 serbis
301 1832 505 1895 flagitiosissimis
521 1833 668 1896 utebantur,
707 1833 824 1896 Scaliger
839 1832 866 1881 iu
881 1831 997 1881 versione
1011 1831 1117 1894 Graeca,
1128 1832 1240 1898 aliique:

137 1908 222 1957 donec
233 1908 298 1956 illud
315 1922 393 1956 unum
408 1907 550 1956 membrum
567 1922 615 1970 per
628 1907 668 1956 fo·
709 1914 796 1957 tamen
809 1906 896 1958 nescio
908 1905 1037 1971 quomodo
1047 1907 1131 1967 magis
1143 1907 1243 1957 arridet

138 2000 196 2034 rum
207 1991 382 2033 tranavectum
390 1991 460 2033 esset
467 2003 475 2045 ς
485 1991 563 2046 atque
574 1985 601 2032 in
611 1985 669 2034 loco
709 1983 796 2033 Patris
816 1982 975 2046 conjectura,
991 1981 1035 2044 qni
1051 1981 1117 2042 legit
1130 1995 1241 2039 wm3

139 2060 346 2124 suoqniesceret.
359 2058 670 2109 Cuimembroinbonesto
709 2057 781 2108 fures
798 2059 866 2108 enim
883 2057 909 2104 in
928 2056 985 2105 sinu
1001 2054 1125 2103 demissae
1142 2055 1242 2105 babent

139 2133 365 2185 matremfamilias
372 2134 576 2183 honestissimam
585 2137 670 2197 palam
710 2147 809 2194 manns,
827 2146 873 2183 seu
889 2130 975 2194 potina
986 2127 1125 2179 furtificam
1137 2129 1242 2180 laevam.

140 2224 260 2260 coronam
273 2217 446 2260 necesseerat
460 2209 608 2273 imponere·
635 2212 671 2261 Et
710 2208 793 2258 Doueo
804 2206 836 2257 F.

141 2287 220 2351 paulo
247 2292 322 2350 post:
348 2285 427 2336 ‘Jam
448 2286 516 2351 qnod
534 2287 562 2336 in
583 2287 671 2367 biberi

466 2553 473 2573 '
523 2568 728 2634 oueuuu
752 2567 862 2634 xxi

175 2829 189 2870 5
204 2824 253 2870 Nec
263 2825 403 2871 alcmenam
412 2822 481 2872 simul
490 2823 672 2887 aijocnrisuno]
711 2823 766 2872 bac
778 2823 862 2872 omnia
874 2819 1050 2871 commentitia
1065 2819 1140 2867 esse?
1159 2818 1243 2882 Atqui

142 2895 238 2945 Hiulca
249 2902 308 2945 suut
318 2897 384 2959 baec,
394 2912 443 2946 nec
453 2899 519 2947 bene
531 2900 671 2962 cohaerent,
711 2898 793 2945 satius
810 2893 860 2944 fuit
878 2901 993 2943 veterem
1010 2893 1150 2942 lectionem
1170 2907 1243 2942 seen·

141 2970 164 3017 sl
181 2970 315 3032 sequeutia
330 2977 442 3033 spectes.
475 2972 526 3020 Sed
543 2973 670 3035 quomodo
711 2985 766 3018 ram
776 2971 803 3019 in
814 2970 866 3019 suia
878 2967 982 3018 aedibus
994 2968 1151 3031 relinquere,
1167 2982 1242 3030 quarn

141 3043 280 3106 legendnm
297 3045 339 3105 sit,
356 3044 433 3095 docet
449 3061 495 3094 nos
507 3047 617 3110 scriptus
629 3061 671 3095 co·
710 3045 906 3107 suamineptam
916 3056 1071 3106 supponere.
1088 3042 1155 3104 Legi
1163 3042 1243 3104 igitur

141 3118 203 3168 dex.
235 3120 289 3168 Nec
304 3122 370 3169 ebro.
393 3121 457 3169 Nam
472 3120 543 3170 umal
557 3121 672 3180 exjocaris
711 3120 737 3169 iu
757 3126 845 3169 nostro
862 3119 939 3182 libro,
954 3114 998 3166 Me
1016 3131 1053 3166 me
1068 3131 1137 3180 puer.
1160 3117 1244 3166 Deest

140 3208 197 3254 nna,
213 3194 316 3243 Hoercns
330 3197 362 3244 ad
377 3196 440 3244 latua
454 3196 532 3245 omniu
546 3195 671 3259 topatiis.
711 3193 845 3258 ἐπίφθεγμα
863 3193 912 3244 Au.
929 3191 971 3242 Aa
989 3207 1026 3241 me
1044 3205 1082 3241 m
1098 3205 1176 3254 puer:
1195 3193 1245 3255 vel,

141 3270 186 3320 Sic
194 3271 272 3320 babet
279 3277 367 3321 noster
375 3271 457 3320 codex
467 3284 499 3319 ne
506 3285 557 3320 una
567 3270 671 3335 quidem
715 3270 749 3320 Va
765 3285 803 3320 me
819 3285 870 3318 me:
886 3274 916 3317 ut
929 3268 957 3316 in
973 3267 1081 3330 Elegiis,
1097 3268 1105 3294 ‘
1118 3267 1197 3331 Quae,
1212 3280 1243 3316 ve

139 3345 219 3395 litera
235 3346 326 3394 minus.
349 3345 470 3409 Exjocari
488 3352 537 3408 eat,
556 3344 671 3408 ἁφομιλή-
711 3351 748 3408 te,
766 3345 860 3396 misero
881 3345 963 3394 letum
994 3342 1146 3393 miserabile
1167 3341 1242 3392 fratri

142 3426 234 3485 cauom,
256 3422 401 3483 ὀφεψιᾶσθαι.
439 3422 584 3485 Postquam
609 3421 670 3470 ludo
709 3419 832 3471 Adtnlit!
863 3418 942 3482 Apud
967 3418 1092 3468 Senecam
1113 3417 1243 3482 Apocolo·

140 3496 223 3549 laesus
235 3496 338 3545 modum
354 3494 458 3557 feceris,
473 3497 525 3544 alia
541 3497 670 3559 experire.
709 3495 837 3560 cyntbosi,
853 3496 911 3544 ‘Ve
929 3493 989 3544 mel
1012 3493 1137 3543 Graecam
1153 3500 1206 3555 eet,
1222 3493 1246 3541 oi

141 3568 294 3632 Antiquitas
315 3576 402 3618 autern
428 3568 527 3620 dictum
553 3573 671 3635 experio,
690 3565 747 3632 ’μοι
761 3584 809 3631 μοι·
828 3571 895 3631 bunt
908 3586 956 3631 μοι.
978 3568 1062 3619 Infra.
1084 3567 1243 3617 ‘Abmeau

142 3658 193 3693 non
205 3644 335 3706 experior,
344 3650 373 3692 ut
383 3644 434 3692 alia
444 3646 533 3694 multa.
558 3647 622 3695 Scol.
710 3646 756 3694 illa
766 3645 853 3708 puella
869 3644 896 3693 d.
920 3645 986 3693 'l'ota
1000 3643 1082 3693 millia
1092 3657 1135 3691 me
1153 3642 1243 3693 decem

174 3717 288 3780 otiatur]
305 3719 413 3780 Beatus,
421 3720 566 3781 opulentus.
583 3721 671 3771 Tibul.
711 3720 862 3786 poposciti'
881 3720 944 3770 Scol.

141 3793 307 3856 ‘Turbaque
334 3806 470 3842 vernarum
494 3796 576 3844 saturi
603 3796 673 3847 bona
744 3794 1119 3860 Nemeuspucr]vetueliber:
1134 3810 1243 3846 mar:

143 3870 217 3932 signa
228 3866 331 3919 coloni.’
352 3869 429 3920 Quod
441 3869 536 3937 Horati
555 3871 671 3921 ‘Positi
710 3884 826 3935 scs-mear,
843 3871 871 3919 id
891 3877 941 3929 est,
962 3869 1021 3919 dum
1038 3883 1112 3919 meus
1131 3872 1243 3934 amplius

144 3958 193 4008 que
220 3958 307 3994 vernae
339 3944 400 3994 uitis
427 3945 671 4003 examenclomus!
710 3959 762 3996 uon
771 3947 831 4008 erit,
839 3952 868 3994 nt
879 3936 1090 3994 intime-funera
1100 3944 1117 4006 ;'
1131 3945 1243 3994 sic‘ue·

144 4019 224 4069 nicio
296 4078 301 4086 .
711 4017 1100 4086 vult‚'‘nefrena,'‘nefastus.'
1123 4020 1245 4071 Posscrut.

179 4093 422 4160 11Nemeuspacr]
449 4095 514 4148 Quia
531 4109 582 4148 non
602 4096 673 4149 ridet
