2774 4702
285 339 316 387 o.
340 336 499 389 vaauen
523 320 691 389 obruam
715 339 873 390 osnunn
899 339 975 390 niv.
1126 325 1192 395 385

482 650 689 718 CARMEN
712 652 806 719 LIV.

123 891 137 936 i
156 885 260 936 Osismis
279 885 361 950 copas]
378 886 430 937 Hic
445 886 539 952 incipit
560 885 623 950 Epi·
696 885 920 950 Seniasiocnsm]
938 884 1138 936 lincomniaad
1153 886 1196 937 Li-

90 975 297 1027 grsmmansqne
316 962 349 1011 sd
367 963 430 1012 nied
452 963 486 1013 ad
509 961 624 1012 cimeri-
664 959 768 1026 bonem,
787 961 901 1027 inquem
913 962 1196 1026 postOiboneminse·

90 1051 144 1087 um.
160 1037 300 1098 ιΟιιιιιιιιι,
311 1037 333 1087 si
344 1036 413 1087 forie
425 1052 476 1087 noo
486 1038 625 1087 molestum
663 1035 742 1098 bitur,
750 1036 890 1088 manifesto
901 1035 1058 1089 referuntur.
1077 1038 1144 1088 Hac
1153 1053 1198 1087 ou·

91 1111 148 1161 esb'
165 1113 213 1161 Est
224 1119 311 1162 eutem
321 1112 447 1176 scriptum
458 1112 486 1160 in
498 1111 624 1176 qnosdnm
664 1118 718 1161 iem
729 1113 790 1162 κοινὰ
804 1113 834 1162 ri
844 1112 1012 1175 σημαινόμενον
1027 1114 1198 1178 intelligenda

92 1200 126 1236 ex
138 1186 244 1236 decom
259 1189 401 1237 scribarum
419 1188 547 1237 Cassiis:
568 1200 625 1250 pos·
664 1195 737 1249 snut,
759 1190 827 1253 quod
844 1204 934 1240 revers
952 1199 980 1240 et
995 1189 1150 1251 imbnlnitie,
1167 1198 1200 1240 nt

91 1268 177 1313 tremo
198 1265 224 1312 in
241 1264 326 1328 ipsum
344 1264 474 1313 Caesarem
486 1262 625 1311 insebiinr.
666 1263 791 1314 Luciliius
809 1266 933 1329 ioqniinr,
953 1265 1106 1330 squalleret,
1123 1272 1150 1314 et
1162 1267 1198 1315 Ιι-

92 1340 171 1393 Quod
182 1341 348 1404 Epigramma
358 1347 457 1403 praeter
467 1353 564 1403 pancas
573 1351 627 1386 sna·
666 1337 771 1389 borarei
793 1348 825 1391 eo
844 1340 944 1404 morbo,
965 1336 1017 1405 qni
1027 1341 1198 1401 ridiculosius,

93 1416 175 1479 coins,
202 1416 296 1481 quibus
320 1415 429 1465 obiiinm
452 1421 502 1477 osi,
525 1420 625 1464 tannim
665 1432 741 1482 qnam
754 1420 922 1482 periculosior
933 1428 981 1471 est.
1015 1421 1122 1482 Notum,
1135 1419 1199 1484 quid

93 1491 179 1555 obest,
199 1497 229 1541 nt
249 1492 379 1554 mutilum,
401 1496 447 1540 ant
467 1505 500 1539 ex
517 1489 627 1539 diversis
667 1494 702 1542 sit
721 1495 834 1557 peditus.
868 1496 989 1546 Morbum
1014 1492 1116 1556 rocavi,
1138 1494 1199 1558 qnia

93 1567 627 1632 poematiisdistraoinmsit‚utetiamnon
665 1569 818 1633 quibusdam
830 1571 917 1620 invitis
928 1571 954 1622 id
963 1569 1071 1620 excidit.
1104 1571 1199 1618 Exem-

93 1650 185 1707 pniem
202 1644 282 1693 niinm
300 1643 485 1693 stomachosios
503 1651 549 1692 sut
561 1642 628 1692 siru-
667 1644 712 1707 plo
723 1645 774 1694 erit
785 1646 907 1695 Claudius
918 1648 1014 1705 Cesar,
1025 1645 1069 1710 qni
1085 1660 1117 1695 eo
1126 1644 1199 1694 iabo-

92 1719 190 1769 ientins
211 1720 238 1768 in
254 1726 312 1769 toto
329 1719 433 1769 Catoiio
449 1725 550 1769 extare.
584 1718 630 1767 Vi·
668 1719 752 1769 rabat.
782 1722 893 1783 (dinosa,
906 1722 915 1750 ⁴
930 1721 1049 1782 Peditus,
1064 1718 1201 1782 Peditum,

94 1796 174 1845 detur
190 1796 259 1844 enim
277 1794 356 1858 podia
374 1793 408 1843 ab
423 1791 508 1844 officio
519 1793 629 1843 Caesam
667 1793 759 1859 sopiit!
778 1797 840 1846 Duo
851 1803 926 1846 recte
940 1796 1092 1860 exprimunt
1101 1794 1201 1855 Greci,

93 1871 174 1921 iaesns
195 1870 224 1921 in
247 1869 432 1933 Transpadana
449 1869 564 1932 regione,
583 1868 629 1917 nbi
668 1871 763 1935 ποροὴν,
781 1872 803 1921 si
814 1887 873 1922 cnm
884 1873 979 1935 sonito,
996 1869 1108 1931 βδιομον,
1123 1871 1146 1919 si
1157 1885 1203 1919 us·

95 1953 151 1996 tom
171 1947 227 2009 ipse
254 1949 283 1994 et
308 1946 442 1995 Mamurra
464 1951 550 2007 erant,
571 1945 629 1994 inec
668 1946 1088 2012 respotius,qnsmariresferist.
1120 1946 1201 1996 Vide·

95 2021 240 2085 scripsisse.
282 2019 369 2084 igitur
390 2026 475 2069 totum
499 2018 629 2082 adponam
670 2015 1202 2086 inriiognaLatinaboccarereffsednon

96 2097 266 2162 epigramma,
286 2103 317 2148 nt
333 2103 362 2146 et
376 2095 515 2158 legendnm
527 2103 555 2146 et
566 2108 629 2146 con·
669 2099 770 2148 itaest.
811 2098 843 2148 In
862 2099 1004 2148 Glossariis
1025 2098 1093 2147 enim
1109 2096 1203 2158 βδίσμο

91 2171 257 2237 iungendum
268 2185 377 2222 censeo:
396 2170 498 2220 Othonis
512 2175 581 2234 eopni
591 2185 631 2233 op·
670 2187 715 2222 seu
737 2171 840 2234 βδοομδο
857 2172 952 2222 dicitnr
971 2171 1105 2235 ‘Visinm,'
1126 2173 1202 2235 βδεῖν,

95 2249 153 2312 pide
169 2248 282 2312 positione
303 2246 372 2310 Peri,
393 2246 490 2308 notice,
506 2246 630 2297 eminens
671 2249 790 2298 ‘Visite’
824 2247 900 2301 Quod
920 2247 998 2296 bodie
1019 2254 1048 2297 et
1065 2247 1202 2304 Italorum,

95 2323 288 2388 erasu‚Sobiiis‚
304 2321 506 2385 cilenspsdiinsn
514 2319 630 2370 Libonis:
670 2331 699 2374 et
710 2324 843 2375 Gallorum
852 2323 997 2373 idiotismus
1010 2323 1118 2372 retinet.
1149 2322 1204 2372 Sed
1272 2331 1274 2336 '

97 2398 409 2461 Simmindisplieene
426 2397 508 2446 nedem
527 2396 591 2457 Tibi,
607 2400 630 2444 ei
671 2415 721 2449 nnn
744 2399 834 2449 creden
858 2397 968 2447 fortasse
993 2396 1032 2445 ilii
1060 2397 1203 2448 Glossario.

98 2475 198 2541 fiisffiiio
217 2475 268 2523 sessi
285 2479 385 2523 recocto.
418 2473 524 2522 Irascere
545 2474 632 2521 iterum
671 2474 778 2524 Utinam
789 2473 909 2521 meliores
928 2486 1057 2535 nunquam
1069 2472 1203 2521 Gramma·

96 2551 157 2601 meis
168 2550 257 2600 lembis
268 2549 456 2609 Immereniibsss,
472 2548 540 2597 anim
556 2548 633 2610 Impe-
672 2549 739 2598 ticos
758 2547 918 2609 haberemus,
934 2545 1011 2594 modo
1027 2545 1137 2595 omnium
1150 2560 1204 2608 pse.

96 2632 175 2678 mor.
209 2627 287 2676 Nunc
309 2625 395 2675 omnia
417 2623 569 2688 singiliatim
590 2637 635 2671 ex·
672 2621 1124 2688 ongognlmumbarbariemanobis
1137 2636 1206 2670 amo·

100 2701 234 2768 plicando.
250 2701 316 2750 Seni.
671 2701 714 2749 liri
733 2699 834 2748 iiceret.
867 2695 918 2745 Sed
936 2695 1205 2759 ageaiinrndmvmipr

134 2777 236 2826 Oibosis
252 2775 333 2838 sapui]
348 2773 392 2823 Sic
401 2775 426 2823 iu
438 2771 634 2822 Proiosionibus
672 2774 722 2824 tibi
733 2774 808 2823 dabo.
828 2772 921 2822 Cicero
932 2772 1034 2833 Poeto,‘
1045 2772 1113 2822 Quid
1123 2773 1204 2822 enim?

98 2847 633 2916 Vingiiianis‚‘SuperbeNocioine‚puii·
674 2864 735 2898 num
753 2849 890 2897 honestum
909 2846 1014 2895 verbnm
1033 2847 1146 2897 divisio?
1166 2846 1205 2899 At

100 2927 164 2978 dum
174 2923 272 2990 caput?
294 2925 409 2974 Licinius
428 2924 533 2984 Calvus,
542 2922 549 2949 ‘
559 2922 637 2972 Sardi
674 2927 743 2976 inest
755 2925 913 2987 obscoenum,
921 2925 963 2974 cni
976 2926 1114 2990 respondet
1126 2925 1206 2976 inter·

98 3002 195 3066 Tigelli
209 2999 325 3065 putidum
337 3005 418 3063 caput
429 2998 518 3047 venit!
539 2999 614 3048 Idem.
675 3001 795 3067 capedo!
827 3001 899 3052 Cedo
911 3003 946 3051 sie
957 3002 1019 3052 mibi
1035 3018 1113 3052 unum
1130 3017 1163 3054 ex
1172 3003 1206 3053 is·

134 3081 151 3127 2
168 3077 230 3126 Peri
240 3074 340 3138 rustice]
357 3074 401 3123 Ita
413 3073 519 3123 minima
529 3073 642 3123 iiceniin‘
677 3077 710 3127 tis
729 3075 916 3137 Ciceronianis,
932 3076 975 3139 qni
990 3077 1052 3125 nihii
1070 3078 1207 3128 obscurum

99 3154 223 3219 legimns,
234 3168 312 3218 quum
329 3159 408 3201 antea
419 3152 551 3214 legeretur
562 3151 636 3201 Heri.
676 3156 702 3203 in
722 3154 848 3204 Cicerone
871 3167 927 3203 esse
950 3152 1049 3204 dicunt.
1081 3153 1207 3204 Profecto

102 3233 160 3283 Nos
183 3231 245 3297 Beni
265 3228 410 3278 scribimus.
451 3227 533 3292 quue
559 3227 636 3289 plone
675 3230 717 3278 hic
739 3229 839 3278 baereat
860 3242 963 3277 necesse
985 3234 1034 3278 est.
1074 3227 1127 3278 Sed
1148 3230 1208 3279 ioca

102 3309 258 3360 Graecomm
280 3303 339 3368 ἔρῤε,
355 3308 383 3353 et
401 3301 495 3366 φθόρου
505 3301 638 3365 exprimit.
676 3304 769 3354 clarino
781 3309 822 3353 est
833 3317 866 3352 ex
881 3302 1103 3353 animadversione
1119 3308 1208 3355 nostra

102 3384 214 3434 Plautus
225 3380 404 3442 Menaechmis,
422 3379 492 3428 ‘Seu
508 3383 537 3427 tn
550 3377 638 3441 Cylin·
676 3382 703 3431 in
721 3379 802 3430 verbo
818 3378 952 3429 ‘Divisio'
971 3393 1028 3428 esse
1050 3379 1208 3431 obscoenum.

103 3459 167 3511 drus
178 3472 224 3507 sen
233 3456 398 3517 Coriendrus,
409 3453 537 3518 perieris.’
549 3453 575 3502 id
587 3459 637 3513 est,
677 3458 745 3506 Nam
756 3455 782 3503 in
794 3468 827 3504 eo
835 3453 865 3503 τὸ
882 3456 891 3482 ‘
898 3452 987 3503 Visio’
1005 3460 1046 3504 est
1057 3451 1125 3509 βδέω·
1139 3454 1209 3504 sicot

103 3533 184 3599 ἱρροιο.
211 3535 261 3583 Est
280 3538 367 3581 autem
385 3527 639 3593 poemanensis
677 3533 703 3582 in
726 3530 806 3581 verbo
827 3529 1033 3594 ‘intercapedo,'
1057 3529 1085 3577 το
1106 3529 1209 3593 ‘pedo’

104 3607 207 3672 στιγμή·
240 3609 308 3659 Nam
316 3607 473 3668 msiice,non
490 3605 591 3666 rustico,
601 3605 638 3653 ie·
677 3604 961 3669 nonsioeiiagitioesi.
985 3606 1113 3655 Estenim
1124 3603 1208 3668 πέρθαι.

104 3685 230 3750 gendum,
246 3694 274 3733 et
290 3682 384 3745 scripti
400 3680 460 3730 iibri
476 3684 505 3729 et
522 3681 638 3744 entiquoe
678 3683 768 3744 Dices,
788 3691 839 3732 non
862 3682 970 3731 muitum
995 3680 1093 3730 referre
1121 3689 1209 3730 ossum

106 3761 235 3813 editiones
244 3758 364 3824 probant.
381 3757 457 3807 Idem.
677 3758 733 3807 bec
749 3757 806 3822 quis
832 3757 909 3819 sciat,
928 3771 961 3805 nn
981 3756 1089 3806 nesciat.
1123 3755 1152 3805 Si
1170 3755 1210 3806 ito

139 3835 205 3885 Heri
224 3834 314 3884 mnus
334 3832 458 3880 semilunio
476 3844 556 3892 nuno,
575 3829 638 3879 scri·
678 3834 727 3895 vis,
748 3848 796 3896 age
816 3845 953 3896 pergarnus
968 3829 1000 3879 ad
1019 3829 1134 3894 reliqua:
1152 3843 1209 3881 ver·

104 3910 220 3962 bendum
232 3924 301 3959 reor.
335 3907 411 3959 Quod
429 3906 451 3955 si
462 3905 525 3970 qnid
533 3905 576 3954 bic
587 3919 640 3953 mu·
678 3908 738 3957 bum
748 3922 799 3958 non
808 3906 917 3969 amplius
927 3903 1028 3952 addam.
1046 3903 1110 3951 Seni.

105 3986 215 4038 tandum
227 3992 306 4047 esset,
314 3982 501 4046 legeremneri
515 3981 639 4029 consiccet
712 3981 869 4043 sPcdiinm]
902 3981 972 4030 Satis
995 3992 1074 4040 supro
1095 3977 1129 4026 de
1152 3977 1210 4029 isoo.

104 4063 318 4114 ammonet«.
334 4060 378 4109 Sic
388 4058 472 4109 brevis
479 4057 558 4107 vestis
568 4071 640 4122 qure-
678 4060 767 4109 Graeci
778 4065 872 4107 vocant
889 4055 967 4104 etiam
977 4049 1118 4113 μοτοῖσιὼν,
1130 4052 1209 4104 verbo

105 4141 166 4192 dam
179 4139 328 4190 abisidoro
345 4136 638 4202 explicatnretsi’au·
678 4139 798 4186 noutnm'
814 4133 993 4198 flagitiosoac
1013 4128 1093 4194 πορδὴ.
1125 4131 1210 4180 Hero·

104 4215 411 4280 omniumomniuni.
457 4238 460 4244 ’
679 4210 768 4274 dotus,
786 4206 872 4273 ἐπάρας
892 4203 1040 4274 [aiveinos]
1053 4203 1209 4278 ᾄπεμοτάῑοο.

178 4296 261 4360 velpa
270 4301 293 4347 el
305 4294 361 4346 Vor.
376 4297 440 4346 ctos.
620 4294 704 4344 Caini,
1088 4292 1104 4336 2
1121 4288 1143 4336 Β
