2774 4702
554 327 709 393 clarina
736 326 818 373 vui.

263 472 334 538 Aut
348 491 449 555 quarn
465 470 574 535 sidera
589 469 702 546 multa,
717 489 791 533 cum
809 473 898 533 tacet
912 488 994 545 nox,

266 574 421 638 Furtivus
435 571 605 636 hominum
621 571 733 634 vident
747 590 898 635 amores:

264 677 351 741 Tam
366 683 400 739 te
416 675 516 739 basia
529 674 632 737 multa
647 672 791 749 basiare,
871 701 876 714 ¹

154 800 158 805 ’
265 779 401 843 Vesano
417 777 501 841 satie
517 780 551 840 et
566 795 665 857 super
681 773 815 840 Catullo
832 779 893 850 est,

267 879 353 958 Quae
368 898 430 943 nec
445 896 676 962 pernumerare
692 877 816 941 curiosi

267 982 414 1059 Possint,
429 1000 488 1045 nec
504 981 591 1045 mela
605 979 769 1043 fascinare
782 979 909 1061 lingua.

136 1169 234 1214 cernunt
247 1165 445 1214 ooeoltooomoreo
455 1163 592 1221 lominum,-
611 1163 671 1212 rotie
680 1176 794 1225 nuperque
809 1167 845 1210 ert
859 1167 883 1211 te
893 1159 992 1209 ooouturu'
1011 1159 1104 1208 Catullo
1113 1145 1242 1209 inoonr'eoti

137 1235 171 1278 tot
182 1230 276 1294 osculo,
285 1234 340 1293 quot
348 1243 389 1278 nee
398 1228 486 1278 annosi
496 1241 631 1293 percensere
642 1232 736 1291 queunt,
745 1242 786 1275 nee
794 1225 899 1290 improbo
909 1226 990 1289 lingue
1003 1225 1133 1274 incentore.

526 1788 731 1855 CARMEN
755 1790 859 1856 Vlll.

568 1977 618 2022 AD
637 1976 680 2024 SE
697 1976 822 2025 lPSUM.

274 2123 402 2188 Mlsnu
419 2122 562 2201 Catulle,
579 2123 713 2189 desinas
727 2125 879 2209 ineptire,

274 2226 329 2305 Et,
345 2226 435 2309 quod
450 2225 543 2291 vides
557 2228 699 2309 perisse,
715 2229 880 2310 perditum
896 2228 1009 2293 ducas.

276 2328 414 2395 Fulsere
428 2329 600 2412 quondam
616 2329 750 2395 candidi
768 2331 829 2394 tibi
846 2332 947 2405 soles,

272 2429 358 2495 Cum
372 2431 569 2507 ventitabas,
586 2449 652 2512 quo
670 2431 784 2514 puella
798 2431 943 2496 ducebat

273 2529 520 2607 Amatanobis,
533 2536 687 2613 quantum
702 2533 869 2597 amabitur
883 2533 985 2596 nulla.

273 2631 328 2695 lbi
344 2631 403 2696 illa
417 2632 520 2695 multa
534 2638 601 2697 tarn
611 2630 734 2714 jocosa
748 2633 882 2707 fiebant,

276 2731 362 2810 Quae
378 2737 415 2796 tu
429 2731 580 2809 volebas,
596 2751 659 2794 nec
674 2733 787 2813 puelle
801 2731 944 2795 nolebat.

275 2835 413 2899 Fulsere
427 2853 501 2898 vere
517 2832 649 2915 candidi
663 2832 723 2897 tibi
737 2834 836 2897 soles.

178 3015 272 3076 Infelix
282 3014 385 3077 Cotuile,
394 3012 483 3063 obuiae
495 3012 598 3062 tandem
610 3015 707 3075 auguri,
723 3019 747 3063 et
754 3015 865 3064 emisam
876 3015 962 3064 iubeor
972 3016 1032 3078 qood
1041 3014 1118 3062 oemir
1131 3015 1250 3074 neronom

143 3096 194 3131 me
203 3095 213 3137 ,⁸
223 3079 309 3140 solim
316 3081 367 3128 dieo
376 3078 438 3127 oliuo
448 3077 493 3126 tibi
503 3077 625 3141 luxerunt,
637 3079 727 3140 quondo
734 3079 870 3141 frequenter
883 3079 943 3142 ilos,
960 3095 1003 3142 quo
1015 3077 1110 3127 ooeobot
1118 3078 1196 3140 puello
1207 3078 1251 3126 illa

143 3150 241 3194 tantm
248 3159 264 3192 o
275 3157 313 3192 ore
322 3144 416 3205 dilecto,
426 3147 538 3206 mium
550 3143 615 3191 nolio
626 3142 677 3191 elie
685 3142 809 3204 diligetur.
828 3143 882 3192 illie
891 3145 960 3206 pluro
968 3141 1143 3204 eliojoeulorio
1150 3141 1251 3204 egebun-

143 3214 196 3273 ίαν,
205 3208 469 3272 ᾳιωηωρὶιὸαε,ηισ
478 3205 554 3256 amieo
563 3207 683 3258 renuebat.
694 3207 808 3266 Profecto
817 3206 1134 3267 luxerouttilijeliceodieo.
1148 3206 1194 3254 illo
1202 3221 1250 3254 mo·

610 3332 788 3352 mne

179 3426 194 3471 1
211 3417 323 3470 Heinsio
335 3416 465 3480 placebat,
475 3418 514 3467 Μ.
529 3418 557 3466 0.
570 3416 648 3467 desire
667 3416 699 3466 oi
717 3417 972 3481 ineptire....rioee.-4
990 3416 1043 3467 Pro
1059 3415 1157 3465 ducebat
1169 3417 1251 3464 Dour.

148 3488 178 3536 F.
196 3483 265 3547 conj.
286 3482 395 3539 dicein,-
412 3481 481 3531 idem
503 3483 657 3530 inurentem
678 3482 751 3531 veuit
769 3482 861 3530 Heius.
879 3494 907 3531 et
927 3481 1091 3530 Broukh.-6
1107 3482 1252 3529 Voluerunt

146 3547 266 3600 nonnulli
286 3545 410 3596 wbioeti
426 3544 481 3595 Alii
498 3551 567 3604 tom,·
588 3545 625 3596 eic
646 3546 673 3595 in
694 3547 816 3596 Commel.
838 3545 942 3596 vicent.
963 3546 1035 3596 Brix.
1056 3554 1084 3596 et
1103 3547 1211 3595 Venett.
1223 3544 1250 3593 in

594 3728 597 3735 .
645 3688 752 3741 NOTAE

182 3807 296 3857 tillim
314 3803 419 3868 cotom]
452 3803 544 3854 Miseri
560 3810 620 3855 nunt
635 3803 680 3867 qui
720 3818 829 3867 morem,
844 3817 896 3870 quo
909 3808 1010 3852 veteres
1021 3800 1116 3864 lapillis
1131 3799 1186 3847 dies
1205 3812 1251 3848 no·

148 3888 253 3933 emant:
286 3879 315 3928 id
334 3885 430 3929 norunt
454 3877 498 3942 qui
518 3885 578 3930 nunt
598 3880 679 3929 amori
720 3878 825 3941 tubant3
849 3877 951 3940 felices,
969 3877 1049 3937 albis,
1074 3871 1251 3933 interimunt·

147 3955 301 4021 mancipati.
334 3955 408 4018 Virg.
424 3954 498 4004 ‘Sed
514 3956 680 4005 mitereento
720 3954 790 4017 gris:
816 3968 892 4018 quern
903 3965 999 4002 morem
1010 3949 1091 3999 refert
1104 3947 1174 3996 Plio.
1191 3947 1209 3997 1.
1219 3960 1251 3998 11.

148 4035 229 4095 diem,
241 4031 378 4096 subitoque
389 4043 499 4081 accenso
509 4029 614 4094 furore,
623 4033 672 4080 &o
721 4034 823 4084 catullo
845 4032 941 4083 accinit
970 4030 1063 4078 Horat.
1088 4039 1126 4074 rr.
1153 4024 1205 4074 ou.
1227 4030 1253 4076 a

95 4116 106 4122 '
182 4110 402 4174 tconelidisoier]
434 4109 465 4158 Id
478 4115 527 4171 eat,
542 4110 598 4160 dieo
616 4111 681 4173 lati,
722 4108 841 4172 ‘gratior
859 4109 881 4158 it
900 4107 966 4170 dies,
984 4106 1019 4154 Et
1033 4103 1100 4154 soles
1110 4101 1202 4152 melino
1214 4102 1252 4152 ni·

150 4195 180 4240 et
196 4188 295 4241 felices.
335 4186 436 4239 Alludit
455 4185 540 4239 Po‘e'te
561 4187 594 4239 ad
611 4188 683 4240 illurn
723 4183 800 4236 tent?
