2774 4702
177 325 222 391 22
528 342 559 389 c.
584 339 742 389 vinnan
767 338 931 390 onrunnr

179 489 252 563 est:
283 488 394 564 ne'qne
411 480 481 565 ipsi
501 481 642 560 Caesari,
657 469 870 567 quantumvis
892 501 999 560 rerum
1018 481 1137 566 potito,
1158 487 1279 566 pope‘r·

177 586 236 662 cit,
247 585 328 669 quin
341 582 462 648 calami
475 585 585 649 aciem
601 583 637 649 in
650 583 805 648 sinistram
817 587 888 671 ejus
903 582 1160 662 libernldntem,¹³
1176 591 1277 670 atquo

40 700 54 710 ⁸
177 686 246 751 alia
273 684 356 748 vitia
384 684 601 766 distringeret.
658 685 875 763 Mamurram,
905 685 1063 765 Gellium,
1095 685 1277 763 Vatinium,

177 785 339 863 Vettium,
364 782 561 862 Cominium,
581 785 888 868 quos‘vebomenter
908 787 1034 865 oderat,
1048 788 1194 871 propriis
1217 806 1278 852 no-

176 888 323 954 minibus
337 907 469 971 perora
483 887 655 951 hominum
667 889 827 966 traduxit,
842 906 884 954 ao
902 889 984 973 styli
999 889 1183 954 acerbitate
1196 908 1279 955 oona

177 987 266 1055 fixit.
309 987 408 1052 Lusit
421 994 582 1071 praeterea
592 986 628 1052 in
636 987 827 1067 Volusium,
841 992 987 1075 ineptum
994 989 1046 1076 (ut
1056 991 1130 1074 ipse
1144 989 1281 1074 quidem

178 1087 411 1172 existimabat)
434 1088 614 1155 Annalium
638 1093 852 1175 scriptorem:
876 1094 911 1157 in
926 1093 1065 1175 rivalem
1088 1091 1279 1175 Egnatium,

176 1193 300 1266 malum
315 1189 477 1257 Poiitam:
499 1193 533 1255 in
549 1191 730 1272 Suffenum,
744 1215 845 1278 quem
868 1193 989 1260 Cassiis
1016 1201 1050 1260 et
1064 1193 1225 1278 Aquiniis
1239 1194 1280 1258 li«-

101 1296 115 1326 ⁶
176 1299 320 1361 terarum
342 1293 480 1357 venenis
505 1297 721 1359 annumerat:
745 1300 923 1379 postremo,
947 1297 983 1358 in
998 1296 1172 1374 Sextium,
1195 1293 1280 1359 Ora·=

175 1401 294 1472 torem,
308 1395 405 1480 cujus
418 1393 633 1510 frigidissima
654 1396 802 1460 oratione
824 1397 999 1461 molestam
1013 1395 1226 1479 gravedinem
1242 1416 1281 1461 se

178 1496 387 1564 contraxisse
400 1514 461 1578 per
471 1495 590 1579 jocum
604 1495 755 1563 affirmat.

211 1595 353 1666 Grmcis
366 1597 474 1662 literis
493 1616 558 1661 non
579 1597 696 1662 leviter
718 1597 881 1661 imbutum
903 1597 1019 1676 fuisse,
1032 1618 1078 1663 ex
1101 1618 1142 1663 eo
1165 1552 1282 1679 colligi

177 1703 300 1783 potest,
315 1699 407 1783 qnod
423 1699 657 1764 suavissimam
673 1697 772 1764 Odon
793 1697 939 1765 Poetriae
962 1700 1123 1784 Sapphus
1145 1706 1182 1764 et
1203 1699 1282 1764 Cal-

176 1801 314 1868 limachi
329 1799 477 1882 Elegiam
493 1799 535 1863 de
553 1797 660 1863 Coma
675 1798 868 1879 Berenices,
882 1802 1107 1866 mundissimis
1124 1801 1281 1867 carmini·

177 1905 241 1969 bns
249 1901 367 1970 Latine
377 1900 559 1966 reddiderit
569 1920 581 1967 τ
590 1902 632 1964 ob
644 1901 679 1965 id
689 1903 791 1967 etiam
799 1902 942 1967 fortasse
952 1923 974 1968 a
984 1903 1132 1980 Tibullo,
1142 1901 1281 1978 Ouidio,

178 2001 335 2068 Martiale
365 2002 526 2090 ‘doctus’
554 2005 751 2087 appellatus.
808 2005 852 2069 Et
877 2005 1004 2070 idcirco
1030 2004 1149 2069 mirum
1175 2003 1282 2067 videri

179 2104 288 2189 debet,
313 2105 443 2169 lulium
469 2105 687 2186 scaligerum,
708 2124 749 2169 ea
771 2106 880 2170 virum
902 2104 1098 2182 eruditione,
1124 2103 1282 2188 quodque

178 2226 247 2271 non
256 2207 427 2272 minimum
439 2211 499 2283 est,
510 2206 752 2284 Veronensem,
765 2207 909 2290 ideoque
918 2207 1080 2290 municipi
1090 2226 1152 2270 suo
1160 2204 1282 2270 saltem

178 2308 242 2372 boc
256 2307 391 2372 nomine
404 2306 605 2384 devinctum,
618 2307 692 2374 haec
704 2307 747 2372 de
761 2307 896 2374 Catullo
908 2308 1129 2373 monumentis
1142 2306 1286 2371 manda·

178 2410 290 2476 visse:
314 2406 473 2472 ‘Catullo
485 2407 568 2472 docti
587 2428 710 2473 nomen
724 2428 833 2492 quare
849 2410 894 2474 sit
915 2409 1118 2492 abantiquis
1139 2408 1283 2474 attribu·

178 2513 382 2595 iamneque
397 2510 489 2595 apud
506 2511 589 2575 alios
601 2511 762 2593 comperi,
777 2511 973 2594 nequedum
988 2512 1023 2575 in
1034 2514 1179 2574 mentem
1191 2510 1285 2574 venit

177 2609 277 2691 mihi3
300 2610 383 2679 nibil
408 2611 498 2676 euim
513 2631 582 2677 nou
596 2611 733 2693 wigere
755 2613 863 2676 estin
885 2610 960 2695 ejus
973 2610 1128 2678 libris.’¹4
1163 2607 1283 2689 Quan-

179 2732 281 2798 quam
293 2719 418 2796 postea
431 2718 563 2778 mutato
577 2713 732 2791 consilio,
746 2715 803 2797 qui
817 2732 891 2777 mos
904 2720 957 2777 est
967 2713 1102 2788 bomini,
1113 2707 1283 2794 παλινῳδίαν

178 2824 299 2879 canere
329 2819 478 2896 cogatur,
509 2813 769 2879 Galliambicnm
805 2815 878 2898 ejus
907 2813 1049 2879 Carmen
1083 2811 1282 2878 ‘divinum’

178 2921 366 2992 autumans,
388 2919 422 2979 et
437 2913 566 2979 Podma
586 2915 628 2979 do
642 2913 779 2997 Nuptiis
801 2913 897 2978 Pelei
916 2934 958 2978 ac
973 2913 1150 2990 Thetidos,
1166 2931 1282 2979 verum

179 3018 305 3083 aditum
319 3024 357 3082 et
369 3017 505 3099 gradum
518 3015 561 3081 ad
571 3015 733 3080 AEneidos
743 3015 951 3080 divinitatem
964 3035 1039 3080 esse
1051 3014 1282 3098 pronuntians,

179 3118 300 3185 Nonne
313 3119 523 3203 probabilius
538 3118 580 3185 de
595 3116 686 3202 nuga
700 3114 819 3181 Poiitae
838 3117 944 3180 nostri
959 3116 1132 3180 Cornelius
1147 3113 1281 3197 Nepos,

177 3222 229 3286 vir
243 3221 468 3302 gravissimus,
479 3220 644 3304 judicium
661 3220 791 3296 tulerat,
807 3238 882 3282 cum
897 3237 956 3282 eas
967 3238 1030 3280 *esse
1045 3214 1168 3302 aliquid
1179 3221 1282 3298 puta·

178 3325 261 3396 bati
299 3322 420 3388 Nonne
436 3323 622 3406 benignius,
637 3328 677 3385 et·
679 3321 805 3405 justius
816 3340 891 3385 cum
904 3321 983 3403 ipso
991 3338 1084 3401 egere
1093 3317 1282 3400 Pompeius

179 3427 353 3492 Saturnius
377 3435 425 3490 'ao
451 3424 585 3489 Sentius
607 3421 810 3504 Augurinus,
840 3439 979 3504 quornm
1014 3426 1169 3502 uterque,
1194 3423 1283 3482 teste

178 3526 291 3592 Plinio
313 3527 351 3589 in
373 3525 573 3608 Epistolis,¹⁵
596 3523 775 3588 Catulliani
798 3522 951 3586 carminis
973 3520 1193 3586 imitationem
1216 3519 1285 3585 sibi

180 3629 296 3710 gloriae
311 3627 381 3691 fore
400 3626 667 3708 augurabanturl
713 3623 779 3690 Sed
793 3623 868 3687 haec
891 3623 994 3687 alias:
1017 3642 1102 3686 nnnc
1123 3620 1169 3697 id,
1189 3619 1284 3702 quod

179 3730 356 3814 ecepimus,
370 3747 520 3812 agamus.
566 3725 800 3806 Quintilianus
818 3729 850 3794 et
859 3723 1041 3789 Diomedes
1055 3724 1141 3788 inter
1151 3720 1283 3785 Polites

675 3924 784 3976 NOTAE

213 4054 428 4104 ”mmmm
783 4042 1282 4111 ”Hammmfflmmwm

213 4127 790 4195 “mffiwmwfflfflmffi·w

179 4207 335 4270 mmmm
