2774 4702
592 299 798 348 numerio.
1201 286 1244 351 1⁶

137 463 208 529 qno
233 443 292 508 alii
313 442 410 536 molti
433 442 606 519 tinxerint,
631 450 667 506 et
688 443 775 508 vitia
799 442 945 526 plurima
964 443 1155 526 antiquiora
1176 445 1246 512 sint

136 544 335 622 oodioibns,
355 543 537 627 qniadb'no
554 543 595 608 in
611 541 766 608 notitiam
786 551 938 615 nostram
951 547 1109 612 venerint.
1152 545 1243 614 Vide

136 645 227 713 inira
239 643 407 712 adeum.
424 645 928 713 nxvrrr.133.xxr.oicarm
940 647 1164 714 arnalii.
1181 664 1243 714 nr.

139 749 198 816 21.
230 746 407 814 ,Carmina
413 747 537 815 Catulli
546 747 749 827 bominibus,
764 751 825 832 qui
836 753 917 833 post
931 769 1006 814 eum
1021 749 1193 829 vivebam,
1207 751 1244 816 in

139 847 274 920 deliciis
299 854 395 912 erant
420 845 475 934 (nt
500 848 554 915 vel
579 868 624 913 ex
652 848 862 915 aemulatione
889 849 1067 933 Propertii,
1098 849 1245 937 Virgilii,
1294 850 1297 857 ’

141 950 309 1027 manns,
330 955 367 1014 et
394 948 537 1016 aliorum
569 948 710 1032 intelligi
745 957 868 1034 potest.
911 949 1001 1016 Vide
1027 950 1172 1018 Statim
1200 953 1246 1018 ad

141 1049 254 1119 com.
271 1067 412 1117 nxvrn.
440 1049 546 1136 151.)‚
573 1056 673 1135 atque
699 1050 832 1116 assidue
857 1050 1066 1134 legebantur,
1095 1071 1173 1119 oum
1198 1055 1245 1120 ob

141 1154 328 1237 argnmomi
347 1158 565 1231 venustatem,
577 1159 645 1217 tum
660 1159 794 1236 propter
812 1153 962 1238 lepidam
977 1152 1097 1220 Poiitae
1109 1155 1245 1222 laseivi-

141 1274 211 1333 om,
225 1273 293 1339 qna
303 1255 464 1322 saeerdnm
472 1253 553 1320 illnd
569 1254 708 1320 mirifice
718 1255 957 1321 delectabatur.
1002 1255 1180 1341 Exemplis
1193 1264 1246 1324 sat

139 1358 257 1425 multis
276 1358 354 1423 baso
372 1356 513 1440 >probari
531 1365 686 1441 possunt.
728 1357 788 1436 At,
811 1357 901 1443 quod
923 1359 959 1423 in
977 1359 1029 1425 bis
1051 1361 1149 1424 rebus
1170 1359 1244 1425 lieri

142 1460 244 1538 solet,
266 1462 335 1524 non
356 1458 416 1524 din
433 1457 607 1524 abfuerunt
628 1457 898 1542 interpolationes
911 1461 968 1525 vel
982 1480 1027 1526 ex
1047 1461 1245 1542 imitatione,

142 1561 212 1639 vel,
225 1580 301 1626 eom
314 1560 456 1626 lectores
471 1561 576 1625 verba
590 1559 709 1625 Poiitae
733 1561 883 1643 amplius
897 1568 1181 1645 persequerentur,
1200 1582 1247 1628 ex

140 1661 333 1729 illustrandi
356 1667 430 1727 arte
453 1681 496 1726 ao
516 1661 692 1746 supplendi
713 1662 853 1728 libidine
868 1670 966 1729 ortae.
1004 1661 1092 1742 Quen
1107 1683 1183 1728 oum
1199 1664 1248 1728 ita

143 1766 225 1843 rint,
252 1763 409 1851 equidem
433 1781 563 1842 vereor,
589 1783 631 1828 ne
658 1764 819 1829 nonnulla
844 1763 1000 1830 Carmina
1020 1769 1091 1828 tota
1113 1763 1156 1828 ab
1170 1763 1248 1829 aliis

143 1865 267 1932 rosas
289 1866 477 1949 composita
498 1869 532 1929 et
550 1865 595 1928 ob
610 1863 719 1929 similo
741 1870 967 1947 argumentum
981 1863 1180 1930 Catullianis
1197 1865 1247 1930 in·

144 1967 325 2046 sertasinu
340 1965 432 2051 qnod
441 1964 528 2034 ellici
542 1967 657 2055 potuit
670 1965 791 2032 eadem
798 1967 936 2046 ratione,
945 1966 1103 2050 quaordo
1115 1966 1246 2034 Garmi-

142 2088 223 2133 num
232 2070 283 2133 ita
293 2069 493 2134 constitutus
505 2072 570 2146 est,
583 2074 622 2132 ut
636 2086 705 2132 non
717 2067 820 2134 modo
829 2067 957 2133 eaedem
967 2069 1140 2134 sententiae
1151 2069 1243 2134 invi-
1315 2139 1316 2144 ,

143 2170 231 2236 einis
240 2174 428 2248 occurrmrl,
439 2169 494 2233 vel
504 2188 560 2233 res
571 2170 696 2234 similes
709 2169 1003 2253 exponantur,sed
1014 2170 1069 2234 rel
1080 2170 1153 2234 sola
1164 2190 1247 2254 qno-

143 2272 284 2337 nundam
291 2271 466 2336 verboram
475 2271 661 2336 similitudo
668 2277 854 2356 spectetur.
876 2270 1249 2354 Sio,ntremexemplis

72 2437 82 2450 ,
141 2372 294 2454 probem,
308 2369 420 2436 carm.
432 2387 553 2436 xov11.
567 2373 722 2456 sequitur
737 2387 874 2436 xovnt.
888 2373 932 2437 ob
947 2372 1052 2436 verba
1065 2375 1075 2406 ‘
1090 2371 1247 2455 crepidas

141 2472 267 2554 lingere
280 2470 490 2538 carbatinas’
504 2479 540 2538 et
564 2476 575 2506 ‘
590 2474 703 2539 culum
716 2474 842 2555 lingere
856 2472 1050 2554 carnificis3’
1072 2473 1123 2538 sic
1138 2471 1248 2538 Garm.

144 2589 285 2638 ωτι.
307 2574 434 2657 exeipit
460 2589 614 2638 nxxvrr.
637 2577 682 2640 ob
702 2575 805 2640 verba
826 2573 991 2659 ‘eripere’
1018 2579 1052 2639 et
1073 2572 1250 2656 ‘pestem’

143 2674 235 2739 Vide
250 2673 361 2738 Carm-
378 2689 492 2738 xxm.
514 2680 547 2739 et
566 2676 617 2740 sio
640 2675 720 2739 alia.
765 2675 873 2739 Sicuti
888 2692 967 2735 vero
987 2673 1249 2755 interpolationis

144 2794 258 2857 genus,
272 2771 363 2858 qnod
386 2774 421 2837 iu
436 2772 572 2838 Catullo
594 2776 789 2858 reperimus,
804 2773 897 2837 aliud
918 2779 972 2837 est
993 2780 1096 2857 atque
1110 2772 1146 2837 in
1166 2776 1250 2840 anti·

144 2874 319 2957 quissimls
330 2872 464 2939 Graecis
480 2873 610 2953 Poetis,
621 2876 670 2939 itu
682 2875 751 2952 via,
764 2893 841 2958 quae
857 2873 902 2938 ad
912 2873 992 2938 illud
1006 2874 1250 2958 explorandum

144 2973 251 3052 ducit,
275 2976 384 3055 magis
407 2975 572 3058 expedita
586 2981 621 3041 et
644 2974 752 3039 solida
772 2980 837 3050 est,
866 2995 931 3039 neo
956 2974 1057 3039 taeilo
1071 2981 1184 3058 potest
1205 2977 1250 3041 ad

144 3077 356 3142 temerariam
369 3075 565 3141 emendandi
579 3077 741 3140 rationem
756 3077 922 3140 aberrare.
955 3073 989 3139 N
990 3093 1035 3139 on
1049 3075 1158 3157 ignoti
1173 3082 1251 3142 sunt

143 3176 194 3240 illi
217 3175 381 3254 homines,
397 3177 456 3260 qui
469 3177 523 3240 vel
548 3195 610 3240 sna
628 3175 683 3239 vel
703 3174 837 3240 aliunde
860 3174 1108 3257 petita.Gatulli
1122 3173 1250 3241 Garmi-

143 3277 245 3341 nibus
259 3277 466 3342 addidenmt.
510 3277 682 3354 Pertinent
702 3296 783 3342 vero
806 3296 883 3341 oum
908 3275 951 3343 ad
976 3276 1157 3357 antiquius,
1178 3281 1250 3342 tum

144 3377 189 3444 ad
203 3376 367 3443 recentius
382 3398 505 3456 aevum,
520 3379 674 3463 quamvis
689 3379 724 3442 in
737 3377 888 3461 pluribus
908 3376 996 3440 locis
1016 3394 1082 3440 non
1096 3384 1251 3443 accurate
1345 3447 1355 3460 κ

125 3478 327 3545 ’ἰηίαυοεοὶ
340 3479 486 3562 possint.
530 3479 621 3543 Inter
641 3479 718 3558 illos
733 3477 904 3543 retulerim
915 3468 1176 3556 Grammaticos,
1191 3479 1250 3562 qni

142 3579 199 3646 val
220 3581 395 3646 mutabant
414 3582 546 3663 singula
566 3583 679 3658 rerba,
696 3579 751 3646 vel
775 3598 891 3643 versus
914 3597 1021 3643 novos
1045 3578 1251 3663 adjiciebant

142 3701 209 3748 sno
231 3700 276 3754 ex
290 3680 442 3764 ingeni03
465 3682 549 3746 inter
561 3681 637 3760 bos,
652 3681 802 3746 homines
817 3678 936 3744 saeculi
952 3695 1034 3743 xiv,
1048 3686 1080 3745 et
1095 3697 1175 3758 xv„
1189 3681 1250 3765 qni

141 3784 178 3847 in
191 3782 359 3849 similibus
380 3780 520 3848 aliorum
540 3781 711 3847 sententiis
726 3778 929 3845 deducendis
951 3784 985 3844 et
1009 3781 1052 3845 ad
1071 3782 1249 3863 marginem

142 3882 351 3950 ascribendis
367 3884 515 3948 maxime
531 3883 744 3961 laborabant,
755 3888 790 3946 et
803 3881 1038 3963 monacbi,qui
1050 3886 1088 3945 nt
1098 3881 1247 3960 aliorum,

142 3988 192 4053 ita
202 3986 307 4052 etiam
323 3983 449 4050 Gatrdli
464 3982 688 4064 Carminibus,
704 4005 780 4069 quea
796 4003 865 4048 rem
881 3983 1076 4047 amatorium
1091 3985 1247 4062 tractant,
