2774 4702
147 275 215 347 882
494 291 602 342 uorsa
627 290 829 341 vaurouuu
855 291 892 342 su

147 429 257 483 lltmilsi
275 428 384 482 vividior
400 429 491 481 nolles
508 435 549 482 ast
572 427 677 482 &nura
716 444 786 481 nuuc
805 431 904 481 mavult
919 431 1021 483 mucius
1039 432 1149 494 Acmen,
1165 431 1256 486 Quam

146 507 283 569 wallas,
299 504 430 558 Acrioret
451 506 629 571 mistsgliscit
649 523 676 559 a·
718 505 942 574 Syrias‚autquaa
962 522 1044 574 regua
1053 508 1199 560 Britannus
1209 509 1256 559 ba·

146 597 217 633 nore
236 581 318 634 furor.
350 582 412 635 Hoc
438 590 574 651 postquam
597 582 677 636 effata
717 581 771 632 bet.
792 583 1254 648 chiuSeptimictotisuuucscn·

147 660 268 720 eculeus
278 658 311 711 de
322 664 407 724 parte,
419 661 543 711 secundis
549 660 676 724 mitibus,
716 657 787 708 sibus
800 657 883 710 Acme
893 659 1002 710 Perdita
1012 659 1156 724 conspirat,
1165 660 1255 711 deliti-

146 732 267 784 dextrum
279 735 393 785 sternuit
403 749 480 785 amau
491 734 580 799 Anus,
597 736 675 786 Nunc
715 745 795 797 esque
806 731 878 783 facit.
910 733 975 786 Quis
992 749 1041 798 par
1059 734 1195 785 candidius
1215 742 1255 785 tc·

146 809 213 859 bono
230 810 263 858 ab
279 809 404 874 auspiciu,
422 808 515 861 faustis
533 809 675 875 avibusque
718 821 837 858 naturum
858 806 926 858 sidit
943 810 1093 859 amantum?
1125 808 1182 860 Aut
1200 809 1253 861 fuit

146 883 269 949 profecti,
286 885 421 935 Mentibus
440 884 567 935 unanimis
585 893 676 935 mutua
716 884 832 948 auspicio
843 898 901 949 quae
908 885 1014 935 meliore
1025 884 1141 936 Venusi'
1159 885 1237 937 Idem.

144 966 272 1022 amantur,
292 966 388 1011 amant.
427 959 513 1011 Unam
531 960 671 1025 Septimius

511 1217 718 1285 GARMEN
741 1218 878 1284 XLVI.

177 1414 191 1458 1
208 1409 318 1458 Jamcer
334 1407 449 1471 egelidos]
465 1407 581 1458 Catullus
600 1406 675 1458 dece·
714 1405 841 1471 Ephesus,
847 1405 966 1470 Smyrna,
975 1404 1119 1470 colophon,
1129 1407 1250 1462 Miletus.

144 1485 209 1535 dens
224 1484 358 1549 prouincia
373 1484 508 1549 Bithynia,
525 1481 608 1534 fratre
620 1483 676 1547 ejus
714 1482 771 1532 lmo
782 1481 803 1531 si
815 1479 908 1530 credas
920 1479 1086 1544 diiunctum,
1095 1494 1130 1530 ue
1140 1483 1251 1535 Miletus

144 1562 293 1625 languorem
305 1567 394 1622 nacto,
405 1566 513 1610 coactus
523 1566 563 1609 est
574 1559 602 1608 iu
609 1559 676 1608 Tro·
714 1557 818 1623 quidem
829 1563 871 1607 est
881 1556 908 1605 iu
920 1555 984 1606 Asia
994 1574 1002 1620 ;
1014 1556 1061 1606 sed
1073 1557 1106 1607 ab
1125 1556 1205 1609 Iouis
1217 1561 1252 1610 ad

87 1687 91 1701 ,
143 1635 193 1687 ade
202 1634 357 1686 subsistere:
371 1634 415 1685 ubi
425 1633 533 1687 fratrem
542 1648 575 1683 ex
584 1632 676 1683 morbo
714 1633 872 1697 Bithyniam,
882 1632 908 1681 lu
921 1647 972 1698 qua
982 1637 1041 1681 erat
1055 1631 1250 1699 Catullus,rec-

143 1708 359 1777 amisit‚eumque
375 1713 410 1762 ibi
429 1711 574 1762 tumulavit.
608 1710 675 1761 Post
714 1715 741 1758 te
763 1706 901 1757 dicebatur
922 1705 994 1757 Asis.
1027 1707 1092 1771 Ejus
1116 1723 1208 1761 versus
1224 1711 1253 1760 bi

143 1789 266 1855 exequias
291 1789 379 1839 fratris
403 1803 465 1838 uere
482 1802 549 1837 nova
571 1786 674 1836 solvens
712 1793 790 1836 suut:
807 1785 915 1846 Ἢμεῒεδ·
926 1783 1056 1839 alfunsus
1070 1784 1252 1845 Νηλήϊονᾶστυ

142 1864 191 1914 huc
211 1863 370 1928 epigramma
393 1862 544 1926 composuit.
579 1856 611 1910 iu
629 1860 674 1910 Bi·
713 1859 1031 1925 mederas‘lpaprbr'rloiqr
1047 1860 1130 1919 eumin
1138 1862 1252 1926 &perdue-

143 1940 231 2004 tbyuiu
242 1941 297 1988 vult
308 1938 358 1989 boc
370 1953 473 1988 carmen
490 1939 616 2002 scriptum
633 1939 673 1988 vir
713 1940 750 1987 ds.
766 1938 804 1986 ’Ea
823 1936 843 1985 δ’
857 1934 901 2000 lips
911 1934 956 1994 rin
970 1938 1102 2000 Κολοφῶνα
1111 1935 1170 1997 βίην
1180 1937 1251 2003 ὑπέρ·
1309 1977 1313 1984 .

141 2016 373 2080 eloquentissimus.
402 2015 426 2064 A
435 2031 486 2080 quo
497 2015 671 2066 dissentimus.
713 2023 787 2064 aanor
798 2012 896 2077 ἔχοντες
909 2013 1027 2077 Ἓζόμεθ’,
1039 2012 1161 2079 ἀργαλέης
1171 2015 1251 2080 ὕβριος

141 2090 226 2140 Illeue
246 2089 369 2154 exequias
389 2087 497 2139 fratris?
514 2089 671 2140 Ridiculum.
712 2089 833 2153 ἡγεμόνες.
843 2092 924 2140 nemer
940 2091 960 2139 δ’
976 2089 1107 2141 murras
1121 2091 1252 2158 daupeins·

142 2165 206 2216 Seri
712 2185 746 2217 vor
756 2168 871 2229 scrupeis
889 2167 954 2216 Θεῶν
971 2169 1050 2232 βουλῇ
1067 2165 1177 2232 Σμύρνην
1191 2168 1251 2218 eibo-

172 2245 190 2290 6
211 2243 250 2291 dd
275 2243 354 2292 claras
379 2239 446 2291 Ario
472 2242 572 2291 colonus
592 2241 671 2306 erma]
711 2241 868 2304 malonido.
899 2242 944 2293 Sic
955 2242 1066 2306 Libyam
1074 2243 1252 2297 LatiueAr‘ri·

141 2316 224 2366 clarae
244 2316 321 2366 urbes
333 2314 402 2365 Asius
423 2321 483 2364 snut
494 2322 606 2379 quatuor
620 2314 672 2365 illes
713 2333 771 2369 cam
783 2332 921 2369 vocamus:
939 2332 1017 2382 quum
1028 2332 1091 2367 vera
1100 2317 1194 2370 Africa
1204 2320 1253 2383 sit,

141 2392 292 2456 praecipuae,
307 2406 370 2455 quas
387 2397 529 2455 propterea
540 2405 556 2439 a
566 2403 673 2439 numero
713 2393 804 2459 inqua
819 2394 958 2457 Carthago,
976 2406 1028 2443 uon
1044 2393 1070 2442 in
1087 2407 1139 2459 qua
1156 2395 1251 2446 Numi·

139 2466 308 2533 ‘quadrigam
317 2465 401 2521 Asiae'
411 2470 489 2517 uocat
500 2464 672 2530 Propertius:
712 2468 757 2517 dia
768 2475 796 2519 et
807 2468 975 2518 Mauritania.
991 2468 1067 2520 idun.
1092 2459 1097 2467 ’

499 2705 706 2773 CARMEN
729 2707 887 2779 XLVII.

172 2899 309 2949 1Poreiel
321 2897 458 2960 merum]
477 2897 670 2962 luterpuugen·
709 2899 828 2964 Scaliger
856 2899 905 2951 sub
933 2901 1034 2950 Memmi
1060 2900 1160 2952 cubare
1176 2916 1249 2952 meu·

139 2976 201 3025 dum
223 2978 296 3037 puto,
320 2973 403 3034 Porci,
421 2977 446 3022 et
465 2973 601 3036 Socration,
617 2977 671 3023 duce
711 2973 787 3024 duro:
805 2975 833 3024 id
844 2982 873 3025 et
890 2976 1047 3039 egoseutio,
1058 2976 1123 3026 lllss.
1135 2990 1249 3040 praeser-

54 3078 56 3084 ·
137 3051 244 3102 ἀπῖκται
257 3049 671 3114 Pisoniqnauiesfnuesquenten·
711 3049 758 3099 tim
768 3051 811 3099 rel
822 3050 913 3113 maadi,
929 3051 971 3100 rel
989 3051 1080 3114 myndi,
1101 3052 1146 3101 rel
1165 3052 1250 3102 mas

138 3126 180 3176 ssi.
212 3123 348 3188 siguificat
359 3126 427 3175 euim
440 3140 528 3176 eorum
541 3140 621 3191 opera
631 3124 671 3176 fn·
711 3126 921 3190 suggerentibus.
941 3126 1093 3191 Simplicius
1105 3126 1248 3191 legendum

139 3202 191 3252 rari
202 3208 230 3252 ct
242 3201 384 3265 compilare
394 3202 477 3252 socios
495 3202 599 3253 salitum
614 3216 671 3251 esse
711 3208 783 3265 puto.
816 3200 914 3252 Scabies
926 3201 1051 3264 fatumue
1066 3202 1161 3265 nandi,
1173 3203 1248 3267 quasi

138 3277 270 3328 Plsouem.
291 3279 397 3327 Laevum
408 3293 466 3328 esse
477 3276 616 3328 furtificaru
627 3290 672 3325 uo·
711 3276 781 3327 dicas
797 3276 1003 3327 ‘Scabiaslssiml
1014 3283 1044 3326 et
1048 3275 1248 3340 jejuulosissimi

138 3359 193 3404 tum
201 3368 235 3404 ex
242 3355 348 3417 Plauto,
355 3354 493 3404 etcatullo
500 3353 565 3417 ipso.
573 3355 671 3403 Passer.
711 3354 737 3403 iu
750 3352 862 3404 mundo!
881 3354 1013 3414 Meleager.

138 3428 331 3479 Distiuxerams
358 3430 430 3478 Porci
447 3434 472 3479 ei
493 3427 602 3479 domatio
617 3430 670 3478 duc
743 3426 1248 3492 oneuesacnn1‘ncdtcnert’cou-

136 3504 243 3554 amicire
267 3503 372 3566 Pisonis,
388 3503 486 3566 umus,
501 3508 542 3568 t5e.
567 3505 575 3533 ‘
588 3502 669 3552 duan’
711 3503 780 3553 viria
790 3503 952 3565 dicebantur,
965 3517 1022 3567 quaa
1035 3501 1068 3550 de
1080 3501 1191 3552 meridie
1201 3502 1247 3552 lie·

138 3585 225 3629 auteur
235 3578 369 3627 ‘sinistras
377 3576 494 3628 Pisonis’
504 3583 591 3641 vocat,
600 3576 669 3641 quod
710 3578 788 3639 buut;
801 3584 863 3627 tunc
882 3577 950 3626 euim
969 3577 1026 3626 dies
1037 3576 1090 3627 κατ’
1102 3577 1190 3640 ἐξοχὴν
1204 3593 1248 3628 su·

137 3653 161 3705 ci
170 3667 276 3717 operam
288 3661 424 3704 navarent.
447 3654 586 3704 Sinistrum
599 3652 668 3703 euim
710 3654 788 3705 mitur
800 3667 847 3717 pro
857 3653 973 3703 meridie.
985 3654 1023 3703 Ut
1035 3654 1043 3683 ‘
1053 3653 1086 3703 de
1098 3653 1190 3704 ruaue'
1201 3654 1248 3703 ali·

135 3729 212 3779 furtis
223 3735 311 3794 aptam
328 3743 393 3792 esse,
410 3734 486 3793 patet
504 3745 537 3778 ex
554 3729 667 3780 Catullo.
708 3730 771 3796 quid
791 3728 847 3779 fieri
865 3728 1001 3791 dicebant,
1022 3729 1091 3795 quod
1109 3744 1188 3782 mane
1200 3728 1247 3780 lie·

136 3808 144 3836 ‘
154 3807 234 3857 Manu
242 3807 350 3857 sinistra
358 3821 408 3857 uox
418 3807 486 3857 belle
496 3807 576 3856 uteris
582 3805 598 3856 ε’
608 3806 633 3856 b.
642 3820 666 3856 e.
708 3806 770 3857 but:
782 3806 819 3856 sic
830 3808 838 3834 ‘
847 3805 880 3854 de
889 3804 1026 3870 die,'quod
1035 3805 1154 3856 meridie.
1174 3805 1246 3856 illuc

136 3881 240 3935 iurans.
257 3884 388 3945 Meleager.
708 3880 842 3931 Ciceronis
853 3879 952 3928 dictum
964 3877 991 3928 iu
1002 3879 1119 3930 homiues
1131 3881 1202 3944 gulae
1218 3886 1249 3937 et

156 3958 452 4024 armemanensis]
478 3957 668 4008 Italibernos·
709 3955 918 4018 ssutrideditos,
937 3953 1098 4017 ‘dedle,'et
1112 3955 1245 4005 ‘indiam

137 4041 195 4085 ter:
213 4037 260 4089 sed
278 4035 410 4086 mendose.
443 4033 531 4086 Quare
553 4032 669 4083 viderint
708 4045 753 4082 eus
776 4031 882 4082 rivere!
917 4029 1091 4094 Corrigendus
1109 4030 1136 4080 in
1153 4031 1246 4083 bacre

137 4108 218 4161 docti.
239 4111 293 4162 Alii
304 4111 407 4160 Mundi:
422 4109 465 4159 alli
474 4109 571 4160 Mundi.
605 4107 668 4158 0m·
706 4112 735 4157 et
755 4106 905 4171 loquutione
925 4107 964 4156 sic
988 4105 1076 4158 Livius
1102 4104 1152 4158 lib.
1175 4119 1245 4157 xxv.

136 4184 199 4234 aino
210 4186 313 4252 aliquod
324 4186 445 4237 mendum
456 4186 532 4242 latet.
552 4183 618 4236 Saul.
708 4182 791 4234 ‘lude
807 4182 851 4233 ubi
866 4182 893 4232 id
905 4181 1031 4248 temporis
1042 4181 1136 4246 risun,
1146 4195 1200 4249 qno
1211 4183 1245 4233 ds

169 4259 266 4311 Scabies
283 4261 408 4326 senesque
427 4260 539 4326 Munati]
562 4257 668 4314 iudicet
708 4261 751 4311 die
767 4258 880 4324 epulatis
898 4257 953 4309 uiui
970 4257 1059 4320 satias,
1074 4256 1246 4324 principium·
