2774 4702
489 289 520 335 C.
543 286 701 335 VALERll
725 286 892 336 GATULLl

555 589 762 658 CARMEN
786 591 824 656 C.

474 751 523 802 nn
538 754 658 801 cmnro
675 755 723 802 nr
740 754 911 816 oornrro.

80 938 85 951 ,
140 889 291 955 Cosmus
306 885 511 965 Aufilenum,
527 891 561 951 et
572 885 732 964 Quintius
742 885 940 964 Aufilenam,

183 989 263 1053 Flos
279 985 524 1053 Veronensium
537 986 718 1068 depereunt
728 987 907 1071 juvenum

140 1087 212 1157 Hic
227 1090 371 1166 fratrem,
385 1086 442 1151 ille
457 1106 614 1151 sororem.
659 1086 741 1150 Hoc
755 1093 816 1166 est,
833 1086 924 1170 quod
938 1085 1071 1165 dicitur,
1086 1086 1172 1155 illud

184 1190 378 1254 Fraternum
392 1208 470 1255 vere
486 1187 583 1253 dulce
599 1186 802 1253 sodalitium.

141 1292 233 1371 Quoi
246 1292 379 1357 faveam
391 1290 535 1373 potinsl
574 1289 675 1370 Coeli,
691 1290 769 1354 tibi:
794 1310 871 1354 nam
885 1294 942 1354 tua
955 1290 1053 1354 nobis
1224 1296 1246 1358 5

185 1394 370 1475 Perspecto
385 1389 491 1473 exigit
504 1390 569 1455 hoc
584 1392 685 1455 unica
698 1391 859 1469 amicitia,

142 1495 228 1560 Cum
241 1513 368 1559 vesana
381 1512 474 1557 meas
489 1497 624 1558 torreret
637 1492 774 1558 flamma
788 1491 967 1557 medullas.
1041 1487 1054 1497 '

185 1597 242 1660 Sis
254 1595 347 1672 felix,
365 1592 463 1672 Coeli,
480 1593 528 1658 sis
542 1595 576 1658 in
591 1614 707 1659 amore
722 1599 853 1678 potens.

176 1759 265 1809 Coelias
275 1759 419 1825 Arrfllenum,
426 1773 454 1807 oc
466 1757 580 1814 Quintius
589 1748 723 1824 Aufilenam
731 1757 825 1822 perdite
839 1761 929 1814 maai,
938 1754 1013 1805 ambo
1023 1757 1092 1807 ἆσαι
1107 1754 1248 1806 Veronensis

131 1822 275 1883 juventutis.
310 1824 360 1871 Iste
368 1821 470 1886 quidem
479 1823 583 1884 deperit
587 1823 702 1884 fratrem,
710 1824 751 1871 ille
759 1837 822 1871 vero
829 1835 983 1882 germanum:
1000 1821 1078 1870 itoest
1087 1820 1247 1883 mausum

141 1887 306 1948 oerejueuada
319 1886 417 1934 matur.
452 1885 553 1933 Cuiaum
568 1886 689 1935 umbonum
698 1884 814 1946 foveam?
832 1884 897 1946 Tibi,
915 1897 930 1932 o
947 1883 1016 1944 Goeli,
1033 1888 1089 1933 taus
1104 1883 1169 1933 caim
1185 1887 1248 1933 solus

142 1951 244 1998 amoris
259 1964 295 1998 me
306 1949 365 1997 milti
375 1953 505 2011 compertus
519 1949 589 2012 plone
599 1948 662 2011 fuit,
677 1964 730 1998 cum
740 1951 805 2012 iguis
814 1949 911 1998 imam
921 1949 1034 1997 medones
1048 1963 1112 1998 meos
1128 1952 1246 1998 mereret

140 2012 168 2062 0
182 2013 250 2077 Coeli,
260 2013 293 2062 sis
303 2012 511 2075 imsortuaatus,
519 2017 542 2061 et
546 2012 598 2079 stas
608 2013 635 2061 ia
643 2027 722 2063 amore
732 2015 782 2064 soii
790 2029 890 2078 compos.

608 2140 784 2161 mm

175 2241 190 2285 1
209 2236 297 2289 Caelius
307 2241 336 2286 et
348 2235 436 2285 Coelius
446 2234 593 2298 promiscue
603 2234 631 2283 in
641 2241 706 2285 vett.
718 2236 891 2290 monumentis
902 2241 969 2286 teste
977 2237 1044 2286 Stat.
1056 2243 1084 2287 et
1093 2237 1131 2287 sic
1140 2239 1248 2301 promia·

141 2314 192 2351 cue
211 2315 314 2365 quoque
330 2301 469 2350 exhibetur
490 2299 538 2349 hoc
554 2313 649 2348 nomen
668 2300 694 2347 in
712 2300 772 2348 edd.
803 2301 898 2350 Gelliam
913 2303 940 2350 in
955 2303 1031 2351 Voss.
1050 2302 1078 2352 ll.
1106 2302 1249 2368 desiderare

141 2365 282 2429 legendnm
303 2365 404 2429 putavit
419 2365 486 2415 star.
503 2365 660 2414 reclamante
671 2364 795 2415 vona-2
812 2364 844 2413 In
860 2380 925 2415 voce
940 2366 1108 2416 Vei-omas·
1117 2367 1248 2430 Synizeris

142 2429 234 2479 eadem
246 2437 297 2492 est,
308 2444 364 2493 qnae
377 2431 403 2478 in
424 2428 554 2478 ‘confinia
565 2427 703 2478 mensinm'
721 2443 764 2492 ap.
777 2429 857 2478 Ovid.
872 2431 942 2478 Fast.
954 2444 980 2479 v.
990 2435 1102 2480 rsa-s.
1120 2435 1137 2480 6
1151 2432 1248 2482 Lectio

143 2495 212 2557 vulg.
225 2500 275 2555 est,
285 2509 340 2542 acm
350 2498 391 2541 tuo
401 2493 468 2541 nobis
479 2495 606 2554 Perspecto
616 2493 743 2554 exigitarr
755 2494 873 2555 ‘parum
884 2493 985 2569 opinor,
1004 2494 1096 2543 Latine
1107 2511 1115 2543 ι
1133 2495 1249 2556 Perfecta

143 2563 178 2607 est
189 2559 276 2620 igitur,
294 2558 335 2606 vel
347 2556 472 2616 Perfecta,
482 2562 553 2619 atque
563 2556 672 2617 exigitur
683 2555 709 2604 in
721 2556 799 2605 codd.
817 2559 883 2606 Stat.
897 2572 950 2616 rom
960 2562 1002 2606 tuo
1012 2557 1078 2607 nobis
1092 2557 1204 2617 Perfecta
1214 2565 1249 2610 ast

143 2627 221 2684 igrtm
236 2623 263 2670 in
280 2622 357 2670 Voss.
371 2622 399 2670 ll.
429 2620 602 2682 uijaaigirur
613 2634 660 2683 pro
671 2620 738 2682 ‘jam
750 2620 954 2685 tum’explicat.
987 2621 1114 2686 Equidem
1119 2623 1177 2686 jam
1188 2624 1249 2674 olim

143 2700 192 2748 pro
207 2685 315 2747 exigitur
334 2635 473 2748 rogerium
490 2699 547 2734 esse
563 2684 716 2748 suspicabar
732 2686 812 2747 exigit
827 2687 878 2748 loc,
894 2701 970 2748 quam
987 2686 1092 2751 quidem
1108 2687 1172 2738 lect.
1190 2702 1249 2738 cum

143 2755 236 2812 sponte
247 2750 292 2799 ills
300 2764 328 2798 se
340 2749 504 2799 commendet
512 2747 641 2799 facilitate
653 2764 707 2810 sua,
718 2755 869 2811 et‚ntnunc
876 2750 1060 2817 video‚aMur.
1065 2750 1123 2815 jam
1132 2752 1249 2803 exhibita
1306 2800 1311 2808 ,

144 2816 188 2876 sit,
198 2828 249 2863 non
257 2813 376 2864 dubitavi
387 2814 413 2861 in
426 2818 527 2863 textum
539 2813 675 2877 recipere?
692 2815 770 2864 Doer.

644 2971 752 3023 NOTAE

177 3079 554 3142 1Coetiaslufiaama]0oelium
563 3082 676 3133 etQuin·
715 3083 925 3148 Poitajocatur,
943 3085 1004 3148 qnia
1015 3099 1073 3135 cum
1084 3083 1168 3135 frater
1179 3093 1249 3138 amet

144 3157 210 3206 tium
219 3157 395 3219 veronenses,
407 3171 516 3221 quorum
526 3158 593 3206 alter
603 3156 675 3206 Auli-
716 3156 835 3224 fratrem,
843 3160 910 3209 alter
923 3173 984 3209 vero
993 3175 1117 3224 sororem,
1125 3161 1249 3213 videntur

143 3236 240 3298 lenum,
248 3232 437 3282 alterAufileni
448 3247 561 3283 sororem
573 3233 675 3299 deperi·
716 3231 840 3284 ffaternae
861 3235 1002 3286 voluntatis
1029 3236 1126 3289 habere
1154 3252 1248 3289 revere

141 3310 200 3372 bat,
211 3308 329 3359 celebrat
344 3309 471 3372 Catullus,
482 3324 624 3376 eorumque
636 3326 676 3360 re·
717 3309 920 3373 similitudinem,
930 3317 958 3360 et
966 3311 1060 3361 merito
1071 3311 1178 3377 deipsis
1186 3316 1250 3365 Pro·

145 3391 236 3436 censet
253 3399 368 3445 amores;
387 3385 499 3434 maxime
511 3400 574 3435 vero
593 3386 675 3436 Coelio
717 3387 833 3436 verbium
846 3393 935 3451 potest
945 3388 1073 3452 usurpari.

145 3461 255 3525 optatio
267 3475 353 3509 amore
365 3459 527 3510 felicitatem.
747 3468 764 3512 6
784 3463 871 3524 Ex'o't
882 3464 925 3512 loe
938 3464 1009 3513 unica
1025 3463 1146 3526 amicitia]
1179 3465 1248 3514 Nam

175 3541 192 3585 4
220 3536 364 3584 Frotemsm
384 3536 530 3598 sodalitium]
562 3537 675 3586 Prover·
716 3544 896 3588 toaconstans
911 3545 940 3587 et
958 3538 1033 3588 firma
1050 3539 1167 3592 amicitie
1184 3541 1249 3593 miii

144 3612 250 3662 bialiter
261 3610 315 3658 dici
327 3611 394 3659 solet
410 3609 443 3659 ad
461 3611 626 3662 indicandam
636 3615 674 3663 in·
715 3612 829 3677 cognitu,
840 3627 898 3662 cum
914 3614 1005 3664 imane
1020 3628 1108 3665 amore
1119 3615 1249 3682 arderem,

143 3689 234 3739 timam
251 3684 391 3736 amicorum
410 3683 623 3753 familiaritatem,
634 3698 675 3742 eat
715 3704 731 3737 a
742 3703 859 3738 menone
869 3689 962 3753 exigit,
981 3705 1027 3739 seu
1047 3706 1063 3739 a
1081 3694 1249 3743 menonem

67 3773 71 3778 '
144 3766 269 3815 intereos
280 3762 428 3813 sodalitium
439 3763 599 3815 fraternum:
623 3767 674 3817 hoc
714 3766 764 3816 hoc
775 3765 897 3829 exigitur,
907 3772 936 3815 ut
949 3765 1032 3828 tibi‚o
1045 3765 1122 3833 Cocli,
1134 3765 1248 3834 faveam,

145 3850 196 3908 est,
215 3848 275 3892 strnt
295 3840 368 3909 qnasi
390 3840 442 3892 dno
464 3839 569 3894 fratres.
611 3844 678 3896 Ideo
714 3845 890 3912 potiusquam
902 3845 1019 3898 Quintio.
