2774 4702
547 314 702 363 chasma
731 315 840 364 xclu.

146 444 223 532 Quo
239 456 365 538 signol
389 456 486 540 quasi
501 477 566 521 non
581 457 720 521 totidem
732 477 814 521 mox
828 457 991 539 deprecor
1005 456 1054 523 illi

185 557 354 624 Assidue:
377 579 492 625 verum
507 558 706 643 dispeream,
719 558 786 622 nisi
800 577 886 622 amo.

145 739 335 801 monordiligit.
369 712 477 797 Quorum
492 740 562 791 istud
575 745 604 789 tu
621 739 689 788 nosti
699 736 808 791 indicio?
833 741 936 805 inquis:
952 741 1083 804 quasivero
1099 757 1145 791 oron
1159 754 1249 806 ωηεν

143 807 224 854 eodem
233 806 358 854 malcolmo
368 806 394 854 ia
404 806 480 870 ipsum
489 820 585 868 rogero:
602 805 754 854 nihilomiuus
763 810 841 855 tomen
848 820 952 870 peronem
962 807 983 854 η’
994 805 1077 869 ipsam
1088 821 1135 856 non
1144 820 1205 856 omo.

604 933 787 953 ”mm

139 1029 240 1092 aliquo,
261 1029 305 1094 qui
326 1030 406 1080 vellet
423 1043 585 1079 numerorum
606 1030 726 1093 rhythmo
738 1030 889 1079 consulere!
906 1030 1031 1081 Dora-⁸
1048 1032 1095 1081 Coti
1115 1017 1117 1022 ’
1151 1066 1159 1092 ,

138 1095 222 1142 eudem
239 1093 266 1141 in
282 1094 358 1142 codd·
369 1101 397 1143 et
409 1094 468 1144 edd.
481 1096 570 1143 Parth.
590 1101 618 1142 et
635 1093 697 1142 Ald.
727 1094 780 1149 Quo
798 1091 885 1155 signo?
901 1046 1248 1209 momemmiuffiyxffi

138 1158 213 1206 Mur.
243 1156 835 1220 Quosiguoleotlomtoltdemiualiisap.Mur.
866 1158 1155 1222 Quooigsoqoooointot‘
1184 1160 1247 1209 sin

139 1221 201 1270 cod.
213 1220 293 1270 Gellii
304 1224 424 1284 opstat.
447 1222 473 1270 iu
484 1222 535 1271 atio
547 1219 606 1271 cod.
617 1221 698 1270 Gellii
710 1235 751 1282 sp.
764 1222 832 1270 Scol.
847 1222 899 1277 Quo
907 1221 994 1283 signo?
1004 1224 1247 1286 quotisontotioemf

138 1285 211 1348 quod
224 1293 398 1346 reposuerunt
408 1286 487 1348 Vulp.
499 1292 527 1335 et
538 1285 713 1334 recentiores:
733 1286 800 1334 Stat.
812 1287 878 1349 conj.
893 1287 945 1342 Quo
955 1287 1033 1347 rigam,
1043 1288 1180 1350 monimine
1189 1287 1247 1336 tott-

134 1351 210 1398 dcm:
227 1349 301 1399 voss.
314 1363 348 1398 ex
366 1349 476 1398 Medici.
487 1348 594 1412 profert,
607 1350 660 1404 Qoo
670 1346 757 1410 signo?
777 1349 833 1412 quio
841 1357 895 1399 sunt
907 1351 1006 1400 totidem
1015 1367 1077 1412 meo,
1087 1352 1157 1416 (scil.
1170 1351 1247 1401 male·

136 1411 234 1473 dicta),
244 1414 353 1476 demoror
362 1413 428 1462 illam
439 1413 554 1462 Aenidae:
566 1428 656 1472 umor,
664 1415 704 1474 qo.
722 1413 826 1462 Passer.
837 1415 939 1463 Assiduo
950 1414 1031 1464 refert
1040 1416 1150 1466 adom:
1168 1415 1246 1480 Vulp.

137 1477 209 1539 legit
217 1479 326 1540 deprecor
337 1479 344 1506 ‘
355 1479 443 1527 nescio
456 1477 533 1540 unde,
545 1477 591 1526 sed
601 1476 711 1526 fortasse
723 1478 838 1541 rectius,'
850 1478 934 1542 iuquit
945 1480 1024 1528 Doer.

641 1647 749 1698 NOTAE

137 1758 331 1822 signaculoris3
356 1759 425 1808 Nam
437 1759 492 1810 sine
505 1773 592 1810 rmore
602 1759 674 1824 previ
715 1759 828 1823 spuere,’
846 1766 873 1808 ot
888 1761 897 1788 ‘
906 1759 1023 1809 execrari
1031 1757 1048 1810 ι’
1064 1757 1245 1824 quodquiden

138 1834 326 1884 foeminonulla
337 1835 427 1886 dolet?
714 1850 765 1884 uon
777 1835 911 1899 probatur.
951 1837 1025 1886 Dicit
1040 1837 1107 1886 enim
1125 1835 1244 1886 Catullus

175 1916 190 1959 t
221 1910 352 1974 Deprecor]
387 1912 469 1960 Aulus
499 1910 600 1961 Gellius
628 1909 674 1962 tib.
714 1926 743 1961 se
754 1927 857 1977 quoque
869 1913 981 1962 vicissim
999 1913 1103 1965 Lesbiae
1123 1914 1189 1964 male
1206 1913 1245 1963 di·

138 2001 179 2035 vr.
209 1990 328 2049 cap-12.
356 1987 462 2035 verbum
490 1986 565 2048 illud,
594 1989 674 2050 depro-
714 2001 784 2053 cere,
796 1996 824 2038 et
837 1995 923 2039 tomen
933 1990 1001 2040 illius
1014 2003 1101 2039 amore
1110 1987 1227 2052 flagrare.

137 2076 191 2125 cor,
208 2061 407 2126 interpretatur,
421 2064 429 2090 ‘
441 2062 586 2126 detestari‚’
608 2066 616 2092 ‘
630 2060 674 2111 de·

575 2329 810 2342 *a

506 2441 713 2561 chamum
735 2492 877 2560 xc111.

567 2662 606 2708 IN
625 2660 845 2709 UAESARIIM..

138 2793 216 2860 Ntu
232 2794 370 2857 nimium
384 2793 513 2872 studeo,
530 2793 656 2873 Cacsar,
670 2794 731 2858 tibi
744 2793 830 2858 vello
841 2793 986 2876 placere,

183 2894 219 2959 N
220 2914 259 2959 ec
275 2895 373 2974 scire,
389 2903 501 2960 utrum
516 2896 564 2960 sis
580 2898 689 2976 albuS,
706 2914 750 2961 an
765 2904 837 2961 ater
850 2895 961 2972 homo.

157 3061 197 3138 Ι0
216 3063 307 3126 Coeoor,
317 3076 364 3112 nott
373 3077 429 3113 caro
439 3062 484 3111 tihi
495 3062 566 3112 almis
580 3063 673 3126 placore
683 3063 748 3126 selle,
758 3076 832 3126 nequo
841 3076 907 3111 mooe
917 3075 948 3109 or
958 3064 985 3110 tto
996 3060 1033 3110 oio
1042 3060 1076 3110 oio
1090 3061 1202 3112 romilio
1211 3078 1242 3111 us

136 3141 216 3190 nego.

600 3235 780 3255 mm

170 3323 187 3368 2
205 3320 285 3381 Neoot'
295 3325 458 3380 cremonam
473 3320 507 3368 ois
521 3320 639 3368 solantem
650 3319 712 3367 oller
722 3318 788 3366 horto
800 3316 825 3364 in
837 3316 910 3365 Brix.
940 3314 1025 3365 Necti
1036 3331 1077 3364 ore
1087 3315 1113 3363 in
1126 3316 1203 3366 Voss.
1214 3320 1241 3368 h.

139 3383 224 3446 antiq.
244 3383 312 3433 unde
332 3385 401 3446 conj.
420 3384 507 3432 Nescio
523 3398 562 3432 oro
576 3385 715 3445 strumo.
732 3381 778 3430 sed
792 3381 866 3431 Voss.
879 3379 952 3444 tegit,
966 3381 1050 3429 Nescio
1060 3384 1140 3428 toto-tom
1148 3379 1191 3444 oio,
1200 3386 1242 3444 lto.

137 3446 166 3497 in
189 3447 272 3510 Rheg.
308 3449 348 3497 Ne
367 3451 389 3496 oi
411 3463 490 3505 orom,·
522 3449 549 3496 in
570 3462 652 3510 marg.
683 3447 740 3495 cod.
763 3445 854 3494 Heius.
881 3461 924 3509 sp.
943 3444 994 3494 Ed.
1016 3446 1093 3494 Cant.
1110 3445 1161 3493 Neo
1186 3462 1242 3496 ouro

137 3516 229 3572 utrum,
240 3511 314 3561 etsie
323 3513 411 3574 placet
422 3513 549 3561 Bondauo
560 3514 623 3561 Var.
633 3513 707 3562 Lect.
720 3525 745 3573 p.
757 3513 814 3560 lto.
837 3509 889 3559 Noc
897 3509 976 3559 ooiote
987 3524 1002 3560 e
1014 3510 1138 3560 Commel.
1150 3511 1243 3574 probat

138 3576 203 3624 Mel.
225 3576 233 3603 ‘
244 3576 417 3638 Conjungitur
428 3577 477 3625 hoc
488 3576 616 3626 distichon
632 3591 690 3625 cum
703 3574 822 3638 sequenti
833 3575 859 3622 in
873 3575 948 3623 Brix.
963 3581 991 3624 et
1002 3575 1103 3638 Gryph.
1114 3575 1243 3638 probante

137 3639 205 3750 {cah
217 3638 264 3752 eqd
273 3654 324 3752 agn
333 3640 427 3753 ›Vigffl’
439 3642 567 3704 quomodo
580 3642 649 3690 iuter
661 3654 689 3690 se
702 3639 836 3690 conciliari
848 3645 928 3704 quent
938 3639 1044 3704 insignis
1056 3641 1242 3691 sententiarum

157 3703 287 3753 issImiitu
307 3720 331 3754 o.
385 3719 433 3753 oer.

640 3813 745 3864 NOTIE

133 3959 136 3965 '
171 3957 360 4008 th'lm'mittm
376 3959 469 4021 studeo]
503 3958 629 4007 Curarem
646 3959 671 4006 iu
745 3958 860 4022 ullus,
875 3974 906 4007 ort
922 3961 974 4006 oter
984 3955 1062 4018 homo]
1085 3955 1181 4004 Mirum
1192 3956 1242 4006 sihi

136 4048 222 4084 mares
234 4033 271 4083 itu
281 4048 400 4097 pronum,
410 4041 439 4084 ut
450 4036 505 4084 sola
516 4033 672 4084 allocutione
713 4034 825 4084 Caesaris
846 4039 1003 4082 contemtum
1026 4031 1064 4079 his
1080 4031 1166 4080 veihis
1184 4046 1242 4082 esse

136 4088 287 4172 exartIeret,
302 4111 399 4175 carpit,
417 4112 459 4161 eui
481 4127 508 4160 se
527 4111 596 4160 nolle
616 4111 672 4174 pla·
712 4108 944 4173 sigulficutl’oets.
978 4106 1056 4156 Hune
1067 4119 1146 4170 porro
1156 4107 1242 4157 locnm

137 4199 198 4237 cere
211 4183 331 4236 affirmat.
712 4184 820 4236 Quintil.
839 4183 886 4234 hh.
905 4196 937 4232 11.
962 4180 1050 4232 laudat
1074 4181 1113 4232 his
1136 4184 1239 4234 verbis:
