2774 4702
138 328 202 394 194
489 346 519 391 o.
545 344 702 393 vntnnu
727 343 894 394 cernunt

138 487 279 552 Caerula
292 493 461 554 verrentes
475 490 626 572 abiegnis
642 480 786 575 aequora
794 489 915 574 palmis
928 509 937 553 τ

137 590 230 655 Dira
245 591 376 673 quibus,
389 592 531 656 retinens
547 591 581 655 in
598 593 735 657 summis
750 593 888 659 urbibus
903 609 1010 670 arces,

137 692 224 775 ipsa
237 693 303 757 levi
318 693 400 758 fecit
413 695 609 759 volitantem
624 693 761 758 fiamine
773 714 901 759 currum
914 715 923 776 ;

137 793 242 858 Pinea
255 795 457 880 conjungens
471 795 606 860 inflexae
619 800 712 862 texta
727 798 863 861 carinae.

138 897 203 962 Illa
217 897 334 962 rudem
349 917 448 962 cursu
463 900 572 982 prima
586 900 705 964 imbuit
719 897 958 982 Amphitriten.

138 998 227 1078 Quae
242 1000 341 1063 simul
355 1018 396 1064 ao
410 1005 518 1065 rostro
534 1005 710 1064 ventosum
722 999 885 1083 proscidit
899 1017 1027 1082 aequor,

137 1099 310 1184 Tortaque
324 1102 464 1184 remigio
479 1103 609 1186 sprunis
623 1102 796 1169 incanduit
810 1102 919 1184 unda3

137 1202 314 1268 Emersere
328 1203 389 1268 feri
402 1204 558 1269 candenti
574 1225 593 1268 e
609 1207 735 1288 gurgite
749 1206 858 1270 vultus

135 1396 180 1447 pet·
196 1396 253 1446 quos
262 1381 317 1432 Deo
333 1382 385 1446 ipso
401 1399 454 1447 quen
468 1388 556 1448 preest
573 1385 676 1449 orcitus,
691 1385 717 1435 in
737 1384 877 1435 editissimis
887 1383 981 1434 urbium
992 1384 1056 1447 beia,
1069 1383 1154 1448 pineus
1164 1381 1245 1434 trudes

137 1452 265 1497 contexens
282 1461 361 1496 σαντα
376 1449 465 1498 curinoe
482 1449 611 1516 «edificavit
621 1465 718 1500 currum
734 1450 802 1499 tenui
819 1453 887 1498 uenio
898 1450 1025 1498 uolantem.
1059 1449 1121 1497 Hoec
1132 1446 1185 1497 fuit
1196 1447 1243 1496 illa

137 1513 210 1561 naris
248 1526 287 1562 ute
308 1513 421 1562 omnium
438 1513 518 1576 primo
534 1515 709 1576 aurigationem
725 1515 804 1565 docuit
816 1513 980 1576 Amphitriten
996 1515 1122 1562 hactenus
1132 1514 1244 1576 inexper·
1270 1534 1276 1539 ·

137 1581 196 1626 tom
269 1592 291 1626 oe
301 1578 375 1626 navis
387 1577 428 1627 ubi
435 1579 539 1641 primum
556 1594 627 1641 poro
637 1581 758 1640 agitatum
766 1593 831 1628 mure
840 1579 951 1641 murrii,
968 1583 992 1626 et
1005 1577 1097 1642 fluctus
1106 1577 1180 1626 remis
1191 1591 1243 1625 oet·-

139 1641 215 1691 deruti
234 1642 324 1704 spumis
343 1641 458 1692 nitescere
480 1644 709 1706 summensteten
724 1644 823 1709 effigies,
840 1642 942 1694 scilicet
961 1644 1076 1694 Nereides
1092 1643 1193 1691 munna
1213 1655 1244 1692 ex

599 1769 612 1787 0
615 1768 775 1788 'mm

138 1851 336 1902 omnibusStut.
347 1851 423 1902 codd.
441 1858 470 1902 et
489 1850 550 1902 edd.
568 1854 676 1902 Venett.
692 1853 781 1918 puppis
798 1866 846 1916 pro
859 1851 987 1916 palin-l
1006 1851 1095 1902 Prisce
1111 1846 1245 1900 leet-eret

139 1916 271 1972 uertentem
291 1917 388 1966 Avunt.
401 1917 453 1981 legi
460 1917 541 1981 jussit
551 1920 728 1967 nocentes-9
745 1919 803 1981 Ipsa
812 1918 849 1966 sui
861 1917 929 1978 socie
938 1918 1014 1966 Voss.
1026 1931 1041 1966 e
1052 1914 1110 1966 coti.
1128 1929 1187 1976 suo,
1197 1912 1245 1963 ed-

138 1980 195 2030 ditt
207 1980 392 2044 explicatione,
410 1981 458 2028 ‘nd
470 1997 568 2031 morem
579 1988 607 2030 et
617 1981 726 2030 sormam
738 1982 778 2031 sui
789 1997 889 2044 currus,
901 1996 952 2047 quo
963 1981 989 2030 iu
1001 1981 1067 2031 coelo
1076 1979 1169 2042 utitur,
1181 1993 1246 2042 qno·

139 2059 190 2110 qne
200 2045 281 2094 nubes
292 2052 371 2110 atque
383 2045 481 2095 aetlrertt
492 2051 579 2095 tranat
589 2045 606 2106 ;’
625 2047 725 2109 inepte,
742 2048 780 2097 uit
796 2048 876 2096 Doer.
896 2048 1015 2096 Stsvern.
1032 2044 1064 2094 ad
1077 2045 1153 2094 Corn.
1172 2044 1245 2106 Nep.

139 2123 167 2172 p.
178 2113 220 2159 ti.
231 2123 279 2172 pro
289 2125 382 2158 cunum
401 2115 490 2160 tentet
504 2125 606 2171 cursum,
622 2111 786 2174 improbante
801 2112 947 2161 Doce—1⁰
963 2112 1038 2159 Voss.
1050 2108 1125 2158 dedit
1135 2107 1245 2172 inflexit,

139 2180 170 2223 ut
181 2172 312 2223 referatur
322 2175 354 2223 nd
366 2175 440 2236 illud,
451 2176 509 2238 ipsu
519 2176 641 2234 reijocie:
652 2190 699 2239 pro
708 2181 776 2225 textu
785 2177 888 2226 Marcii.
897 2175 968 2224 malit
980 2177 1116 2224 tecta-ll
1134 2173 1246 2222 stertet

141 2237 249 2292 Corrnd.
260 2239 326 2303 conj.
336 2240 448 2302 primum,
459 2239 622 2304 improbante
633 2241 713 2290 Doer.
738 2241 814 2290 Voss.
826 2239 904 2290 affert
914 2255 986 2303 proto
1001 2253 1034 2288 ex
1045 2237 1152 2286 Mediol.
1173 2236 1245 2301 quod

138 2305 160 2352 si
172 2305 275 2354 omuino
288 2303 450 2353 retinendum
461 2304 504 2367 sit,
515 2305 596 2355 verbe
605 2305 696 2354 saltem
709 2304 747 2354 sic
759 2306 829 2355 inter
839 2319 866 2354 se
876 2301 1039 2354 concilianda
1050 2308 1127 2366 putet
1135 2301 1245 2351 Minci.

141 2368 188 2417 iilo
198 2383 271 2432 proto
281 2367 319 2434 (in
333 2369 415 2431 primo
426 2367 501 2430 casn)
511 2371 565 2418 rud.
576 2369 698 2434 Amphitr.
709 2369 803 2429 imbuit,
819 2385 879 2433 que,
892 2370 932 2430 irc.
942 2373 988 2417 sut
998 2367 1162 2418 scribendum
1174 2379 1246 2416 mutu

138 2446 223 2497 morte.
248 2432 335 2482 Titios
346 2433 379 2482 sd
394 2432 471 2482 (irat.
481 2435 581 2498 Cyneg.
593 2450 630 2483 vs.
642 2438 684 2484 di.
693 2448 741 2498 pro
751 2433 836 2484 imbuit
845 2432 912 2496 conj.
923 2432 1027 2496 impulit.
1061 2431 1093 2481 ln
1113 2429 1244 2480 nonnullis

139 2498 200 2548 edd.
214 2504 278 2548 rett.
290 2497 537 2561 Amphitriten—lt
556 2499 661 2562 Totoque
670 2514 692 2549 r.
699 2514 719 2548 s.
729 2499 852 2547 incanduit
862 2498 889 2547 in
909 2497 1029 2546 omnibus
1049 2496 1117 2545 Stat.
1129 2494 1206 2545 codd.
1217 2501 1246 2544 et

139 2563 270 2613 nonnullis
290 2563 349 2611 edd.
369 2569 436 2612 vett.
463 2563 532 2613 Scri.
554 2571 583 2613 et
601 2564 644 2612 alii
661 2564 764 2626 legunt,
780 2564 884 2625 Totoque
900 2561 1024 2617 innituit:
1041 2560 1067 2608 iu
1088 2559 1145 2609 eliis
1162 2559 1245 2623 antiq.

142 2624 273 2691 Meque:
282 2626 312 2677 ri
321 2627 445 2677 incanduit
456 2621 588 2691 Apollonii
603 2626 765 2678 amicirentur
783 2632 812 2676 et
829 2627 907 2676 Hom.
924 2624 1047 2673 aeduorum
1061 2623 1120 2688 ὕδωρ
1130 2622 1246 2694 stabiliri

139 2706 217 2755 porse
229 2698 304 2756 putat
315 2691 490 2741 Minoa-tt
506 2692 581 2742 Idem
600 2691 708 2742 Mitseb.
726 2692 769 2741 vel
788 2689 984 2740 rescribendum
1003 2695 1101 2750 censet,
1120 2689 1245 2737 iimneers

134 2755 199 2819 steti
207 2771 227 2806 c.
239 2771 251 2804 e
264 2772 290 2818 g.
300 2757 378 2806 entus
386 2756 509 2819 AEquorei,
521 2757 561 2805 vel
573 2757 690 2819 copulant
699 2761 724 2806 et
734 2761 795 2819 post
805 2757 931 2818 AEqsorcoe
938 2753 1065 2804 excidisse
1074 2769 1083 2814 3
1093 2768 1150 2816 quie
1157 2759 1246 2816 poste·

141 2821 194 2869 rior
206 2820 273 2869 ratio
285 2819 396 2882 probata
406 2835 457 2883 quo
476 2817 569 2869 uefuit
580 2820 701 2883 Heynio:
729 2825 757 2870 st
774 2821 854 2870 Leon.
870 2817 939 2882 conj.
956 2819 1080 2866 Emcrserc
1092 2817 1244 2878 ferisneg.

135 2884 266 2950 fultoe,ipc.
279 2884 322 2933 cui
331 2882 421 2932 favere
430 2836 567 2934 videbatur
577 2885 678 2936 Mostb.
690 2885 787 2949 Europ.
801 2887 857 2935 lli.
868 2898 921 2951 req·
934 2882 1097 2953 etClaudex.
1109 2879 1246 2932 roaldem

636 3038 748 3091 NOTAE

174 3160 389 3226 silicernium
398 3161 476 3227 mres]
492 3162 613 3213 Minerva
624 3177 670 3213 seu
712 3171 770 3217 tore
788 3170 897 3232 gentes!
933 3165 1096 3230 Amphitriten
1114 3177 1162 3227 pro
1179 3163 1246 3214 meri

141 3241 348 3304 Pellas‚arcinm
366 3241 476 3292 tutelam
492 3240 588 3292 babere
606 3241 670 3292 diei·
712 3242 807 3307 posuit,
826 3256 903 3307 quam
925 3241 1026 3303 rudem,
1049 3248 1079 3291 et
1105 3246 1245 3303 expertem

140 3323 194 3379 tur,
206 3322 300 3380 utpote
315 3316 357 3366 eui
369 3330 442 3366 arces
461 3324 522 3367 sunt
537 3331 671 3368 comecre·
711 3318 836 3368 hactenus
847 3317 1018 3380 navigationis
1029 3315 1102 3366 dicit.
1132 3316 1193 3366 Fuit
1202 3331 1245 3366 au·

141 3400 186 3442 tae.
227 3392 304 3442 Unde
320 3391 415 3462 Virgil.
436 3393 492 3443 ilci.
515 3406 547 3442 rt.
564 3393 671 3443 ‘Pallas
714 3400 766 3444 tem
784 3392 954 3456 Amphitrite,
972 3398 1002 3442 ut
1025 3391 1115 3441 scribit
1137 3392 1246 3442 Hesiod.

141 3468 333 3534 qtrescondidit
344 3468 583 3533 troeslpseeolat'
713 3468 795 3518 Nerei
817 3468 858 3516 vel
876 3468 976 3518 Oceani
997 3467 1060 3528 iilis,
1077 3475 1105 3518 et
1125 3469 1246 3533 Neptuni

173 3548 191 3592 9
210 3543 353 3594 Volitontent
362 3545 469 3608 mmm]
492 3547 673 3610 Metupborice
714 3559 795 3595 uxor:
812 3544 883 3594 unde
894 3547 953 3595 Dea
961 3545 1038 3595 meris
1047 3545 1154 3610 dieitur,
1162 3552 1190 3595 et
1198 3560 1245 3610 pro

141 3620 216 3670 navis
233 3621 344 3670 ‘currus
356 3621 459 3671 volans’
476 3621 583 3685 dicitur,
603 3623 672 3689 quod
712 3620 777 3671 meri
795 3619 889 3684 sapius
909 3621 1027 3671 sumitur.
1068 3621 1150 3673 Ouid.
1168 3622 1246 3673 ‘Nec

141 3696 289 3747 imitatione
316 3697 448 3746 terrestris
475 3711 574 3761 currus,
601 3698 673 3748 nuris
713 3696 820 3748 brechio
830 3698 908 3761 longo
917 3698 1038 3762 Margine
1049 3704 1178 3750 terrarum
1187 3714 1247 3764 por·

142 3773 223 3843 squas
239 3780 383 3839 percurret.
715 3779 820 3824 rexerat
831 3772 1008 3837 Amphitrite!
1277 3806 1282 3814 ·

175 3858 205 3903 ll
223 3852 308 3902 Primo
326 3849 411 3900 imbuit
428 3849 604 3914 dumiitriten]
628 3852 673 3902 de·
747 3855 778 3900 lt
795 3849 895 3914 Rostro]
931 3849 1012 3900 Navis
1024 3855 1137 3900 rostrum
1148 3849 1248 3901 dicitur

143 3930 254 3979 cundum
273 3926 374 3978 fabulas
393 3927 510 3977 Catullus
528 3926 565 3976 nit
588 3929 672 3978 nerim
714 3942 774 3993 pars
787 3927 833 3977 ille
846 3925 992 3991 prominens
999 3926 1078 3991 Juxta
1088 3941 1203 3990 proram,
1218 3934 1248 3978 et

143 4005 217 4069 Argo
244 4004 352 4068 primunr
372 4003 455 4053 meris
476 4004 620 4068 navigasse,
644 4011 675 4055 nt
713 4009 792 4055 acuta
805 4005 831 4053 in
850 4002 953 4053 modum
964 4003 1041 4077 rostri
1051 4003 1154 4067 nulnum
1172 4005 1247 4068 enjus

144 4083 223 4132 Luce.
234 4080 267 4132 de
286 4080 379 4133 eedem
396 4094 424 4130 re
444 4079 572 4144 scribens,
587 4084 595 4110 ⁴
608 4080 674 4130 lude
713 4081 833 4131 inventor
855 4079 953 4130 dicitnr
979 4079 1081 4144 Picens,
1101 4085 1131 4130 ut
1153 4079 1248 4130 scribit

144 4157 293 4207 lacessitum
315 4157 398 4221 primo
418 4170 499 4220 mere,
523 4169 580 4205 cum
603 4155 675 4205 rudis
714 4154 904 4206 Piin.lib.rur.

144 4231 229 4297 Argos
248 4232 357 4285 Miscuit
375 4233 476 4296 ignotas
492 4238 620 4283 temerato
634 4232 675 4281 lit·
