2774 4702
514 296 550 355 c:
568 309 723 358 vanarn
749 309 912 358 canuam

531 617 737 686 GARMEN
757 619 906 686 LXIV.

196 791 261 840 cua
272 789 330 851 hnc,
348 787 418 853 quod
428 784 552 852 seqnitur,
567 800 674 837 carmen
686 786 808 851 nmmum,
818 801 877 852 qnae
888 801 905 836 a
915 785 1020 837 Catullo
1031 785 1065 836 ad
1076 802 1124 838 nos
1136 802 1261 853 perrone·

164 876 234 934 rnut,
247 868 423 933 longissimum
434 867 469 917 sit
486 880 517 916 ac
536 866 748 930 palcberrimum,
765 880 817 917 non
835 867 881 916 abs
899 879 929 916 re
945 866 1056 917 absonus
1074 875 1263 932 esseputauus

164 952 241 1015 paulo
252 949 357 1000 liberius
371 947 485 1012 evagari,
501 952 531 997 et
549 947 641 1013 quibm
651 949 735 999 lector
745 948 887 999 mouendus
902 960 959 998 esse
969 948 1083 1012 videtur,
1091 948 1135 998 hic
1144 949 1171 998 in
1181 960 1260 998 unum

163 1032 259 1093 locum,
276 1029 439 1094 praefationis
456 1042 538 1092 more,
555 1043 707 1093 congerere.
738 1029 914 1094 Dispiciamus
931 1029 1041 1094 primurn
1057 1029 1093 1079 de
1108 1029 1163 1093 ipso
1184 1029 1261 1092 huius

162 1111 283 1161 cerminis
295 1114 459 1175 argumento,
470 1108 497 1158 in
506 1123 557 1174 qun
567 1109 671 1174 quidem
681 1111 826 1161 enarrando
837 1111 874 1160 ita
889 1109 963 1160 nobis
975 1109 1072 1159 versari
1087 1109 1178 1172 liceat,
1188 1114 1219 1158 ut
1229 1108 1263 1158 e‘a

162 1191 247 1254 simul,
265 1205 323 1256 quae
339 1190 372 1240 ad
391 1188 612 1254 pulchritudinem
628 1188 705 1253 bajus
723 1189 845 1239 carminis
862 1191 914 1239 rite
931 1187 1110 1239 aesfimandam
1128 1188 1263 1251 pertinere

85 1284 89 1290 ·
162 1271 294 1333 videntur,
306 1269 401 1335 passim
416 1283 593 1334 aspergamus,
613 1275 643 1319 et
659 1269 693 1320 ad
703 1269 889 1320 observamur
904 1269 1061 1334 singularem
1073 1269 1152 1331 plane
1168 1272 1262 1330 artem,

162 1366 214 1417 qna
230 1352 257 1401 iu
268 1351 376 1402 diversis
395 1351 491 1401 fabulis
509 1350 580 1402 inter
598 1363 628 1400 se
647 1349 833 1401 connectendis
848 1365 908 1400 naus
924 1350 960 1400 sit
970 1349 1050 1414 poe'ta
1060 1348 1264 1412 venustissimus,

163 1429 272 1493 digitum
282 1430 455 1480 intendamus.

196 1508 309 1560 Orditur
319 1524 423 1560 carmen
435 1510 468 1560 ab
480 1509 689 1573 Argonautarum
697 1508 875 1574 expeditione.
909 1508 1047 1571 Nereides,
1056 1506 1089 1557 ob
1100 1506 1263 1558 insolentiam

162 1589 223 1639 novi
234 1588 331 1653 navigii
342 1589 513 1640 admiratione
524 1589 661 1652 perculsae,
671 1587 758 1638 subito
768 1594 905 1652 emergunt
915 1603 949 1638 ex
960 1602 1073 1654 aequore,
1081 1587 1223 1652 'l'betisque
1235 1594 1265 1636 et

163 1667 258 1719 Peleus
265 1666 359 1719 mutuo
367 1683 455 1719 amore
462 1668 749 1720 acominatus-Mox
756 1669 856 1734 nuptia
865 1676 1034 1733 apparantur,
1043 1668 1168 1720 sternitur
1178 1668 1263 1718 lectas

161 1749 279 1814 genialis,
289 1758 318 1801 et
329 1750 410 1801 totius
428 1750 541 1815 regionis
558 1751 661 1815 incolae,
675 1750 828 1815 nuptialem,
843 1756 873 1801 nt
884 1749 927 1810 fit,
938 1757 1092 1816 apparatum
1108 1749 1263 1815 spectaturi,

162 1829 278 1894 undique
298 1827 440 1881 confluunt.
474 1829 597 1894 inprimis
614 1829 787 1880 admiratione
806 1845 852 1881 eos
873 1829 972 1881 defixos
994 1837 1069 1882 tenet
1090 1831 1170 1881 vestis
1190 1829 1264 1880 lecto

162 1908 259 1972 geniali
270 1910 312 1958 vel
322 1908 448 1973 pulvinari
456 1909 576 1972 instrata,
588 1910 653 1960 mira
664 1917 722 1961 arte
736 1910 866 1975 amiects,
876 1915 905 1961 et
914 1911 1007 1976 priscis
1016 1911 1146 1962 liminum
1162 1908 1264 1960 variata

161 1987 350 2053 ligurio—ilie
360 1996 457 2054 sponte
468 1990 617 2041 accuratius
634 1991 685 2040 boc
702 1991 857 2055 peristroma
869 1989 959 2056 ζωατδν
975 2007 1027 2043 una
1045 2001 1105 2042 cunt
1114 1988 1263 2041 astantibus

161 2067 338 2133 perlustrandi
348 2068 468 2120 inanimo
477 2071 583 2120 lectoris
592 2069 724 2121 suboritur
733 2070 877 2136 eupiditas;
893 2071 935 2122 cui
945 2067 1265 2137 qnidcmntsatirfaearet

162 2146 250 2212 poita,
262 2148 410 2213 exemplum
428 2163 525 2213 eornm,
541 2151 586 2215 qui
605 2149 734 2214 ejusmodi
753 2157 913 2214 argumenta,
929 2150 1045 2202 vestibus
1063 2151 1105 2201 vel
1115 2147 1264 2199 aliisrebua

161 2228 274 2293 intenta,
284 2228 367 2278 fusius
378 2243 507 2292 exponere
518 2236 547 2279 et
558 2229 671 2279 verbosis
682 2229 900 2294 descriptionibus
911 2245 1038 2280 exornare
1048 2230 1144 2293 solent,
1156 2235 1264 2278 secutus

162 2315 211 2360 est.
241 2308 300 2375 (Sic
310 2309 414 2360 insonis
425 2309 597 2372 chlamydem,
607 2309 723 2359 Palladis
734 2309 839 2373 donum,
853 2309 990 2374 magnifice
1001 2310 1128 2361 describit
1139 2309 1264 2374 Apollon.

163 2387 249 2438 Rbod.
261 2401 281 2438 r.
289 2392 414 2438 'lto—tit.
425 2387 461 2438 ci.
471 2389 565 2454 Heyne
576 2388 609 2438 ad
628 2389 721 2454 Virgll.
738 2390 796 2442 AEn.
806 2405 831 2442 v.
842 2388 965 2440 ibt-5⁴1.
981 2391 1091 2441 Excute.
1103 2403 1143 2440 rr.
1155 2403 1182 2454 p.
1191 2387 1265 2452 6⁸8.)

162 2467 256 2520 -Jam
273 2467 344 2533 finge
357 2469 414 2534 tibi,
424 2476 509 2520 astare
518 2469 580 2520 buin
591 2469 707 2532 lgm-mir
717 2469 847 2535 quendam
858 2471 899 2520 vel
911 2471 1092 2534 interpretem,
1102 2469 1147 2537 qul
1158 2469 1266 2534 popolo,

163 2547 228 2598 mira
238 2548 364 2600 trisitate
382 2549 438 2600 brec
455 2546 542 2600 omnia
559 2550 642 2600 oculis
659 2556 688 2600 et
698 2550 784 2600 anirum
795 2549 869 2615 quasi
882 2549 1029 2616 devoranti,
1044 2565 1096 2600 nnn
1106 2550 1188 2600 solnm
1199 2562 1265 2613 quaa

163 2634 270 2678 textura
280 2629 386 2680 exhibet
403 2629 499 2694 figuras
516 2636 544 2679 et
562 2627 674 2691 fabulas,
692 2629 739 2679 sed
759 2629 915 2694 singulorum
926 2631 1005 2681 etiam
1015 2645 1106 2680 causas
1116 2637 1145 2680 et
1155 2635 1266 2678 emtus

156 2707 295 2769 ‚declaret3
312 2715 341 2760 et
356 2709 418 2760 binc
435 2709 618 2774 explicandum
639 2720 736 2760 censeo
754 2709 819 2759 illud
841 2698 968 2773 ‘lerunt’
989 2709 1163 2776 ‘perbibent’
1183 2716 1213 2759 et
1233 2710 1264 2760 id

163 2801 245 2851 genus
254 2789 313 2852 alia,
325 2803 384 2854 qnae
395 2790 492 2853 passim
509 2789 537 2838 in
547 2790 599 2839 bac
609 2790 761 2841 narratione
778 2791 1127 2857 occurrant—conspicitur
1137 2797 1224 2841 antem
1235 2791 1264 2841 in

162 2867 208 2916 illa
218 2874 293 2918 veste
303 2869 419 2931 stragula
439 2869 550 2932 primum
564 2868 704 2932 Ariadnes,
719 2884 735 2919 e
753 2871 825 2921 Naxi
841 2871 940 2935 littore,
956 2871 1001 2922 nbi
1016 2872 1062 2921 illa
1077 2872 1183 2921 deserta
1197 2877 1267 2934 erat,

163 2946 292 2997 Theseum
304 2948 332 2997 iu
342 2946 406 3011 fuga
417 2962 432 2999 e
443 2948 583 3017 longinquo
593 2948 675 2998 nculls
687 2950 876 3014 persequentis,
885 2951 990 3015 egregie
1001 2950 1155 3001 adumbrata
1168 2951 1265 3016 imago.

163 3025 263 3076 Misera
280 3027 367 3091 puella
383 3028 411 3077 in
427 3028 473 3078 illo
492 3029 550 3092 ipso
570 3029 694 3093 temporis
712 3029 834 3093 articulo,
848 3044 900 3096 quo
916 3031 1027 3096 primum
1038 3045 1127 3081 sonrnn
1137 3030 1225 3081 excita
1235 3045 1266 3081 se

163 3107 281 3157 relictam
300 3107 390 3170 sentit,
407 3109 489 3159 oculis
505 3109 532 3159 io
555 3122 647 3158 navem
664 3108 761 3158 'lbesei
781 3109 872 3174 plenis
885 3110 949 3160 velis
971 3111 1116 3161 avolantem
1132 3110 1263 3174 conjectis

129 3211 144 3229 ·
163 3189 260 3238 ‘saxea
274 3195 304 3238 nt
315 3187 413 3253 effigies
424 3188 574 3240 bacchantis
582 3189 597 3213 ’¹
606 3188 743 3253 prospicit,
763 3189 847 3239 haret
863 3191 977 3240 attonita
995 3197 1023 3240 et
1033 3191 1132 3253 ingenti
1143 3205 1264 3241 curarum

163 3274 227 3319 astu
238 3266 463 3334 fluctuat-dam,
482 3270 503 3321 si
514 3269 702 3335 observaveris,
717 3265 862 3320 sermonem
870 3270 913 3320 bic
924 3284 980 3320 esse
996 3270 1030 3320 de
1041 3271 1154 3334 pictura,
1165 3270 1265 3336 inqua,

165 3355 195 3400 nt
213 3351 342 3414 preclaro
359 3351 386 3401 ln
401 3353 551 3403 Lmooonte
569 3351 659 3402 docmt
676 3351 835 3416 Lessingins,
856 3349 1043 3401 nobilissimum
1057 3358 1088 3400 et
1106 3349 1266 3415 &maror

161 3430 271 3480 aetionis
287 3437 446 3481 momentum
462 3431 574 3496 expiimi
594 3431 674 3481 debet
690 3432 723 3481 ab
739 3430 857 3491 artifice3
874 3430 945 3495 quid,
963 3445 1062 3496 quresn,
1077 3429 1210 3482 efficacius
1228 3433 1263 3482 ad

163 3515 340 3571 spectatorum
355 3512 454 3562 animos
466 3513 554 3563 dolore
565 3519 593 3563 et
604 3512 826 3563 commiseratione
843 3511 1030 3575 permovendos
1041 3511 1153 3576 cogitari
1164 3513 1266 3577 potest,

163 3602 240 3652 quam
250 3589 287 3639 sic
304 3596 333 3640 et
342 3591 369 3639 in
380 3592 429 3641 boc
445 3593 607 3656 potissimum
625 3600 696 3642 statu
713 3592 846 3657 descripta
863 3591 990 3656 Ariadne,
1007 3607 1076 3659 qnae,
1094 3592 1127 3643 ab
1147 3598 1265 3644 amatore

162 3667 287 3717 derelicta
296 3668 323 3717 in
335 3669 475 3741 solitudine
486 3671 582 3721 deserti
599 3672 703 3735 littoris,
713 3672 794 3722 oeulis
807 3666 937 3723 desiderio
948 3673 1143 3724 tabescentibus
1153 3675 1181 3723 in
1192 3687 1265 3724 mare

161 3754 263 3798 vastum
274 3749 417 3812 prospicit!
446 3750 538 3801 Habet
548 3751 598 3801 hoc
609 3751 695 3814 ipsum
706 3751 819 3801 horroris
830 3752 937 3817 aliquid,
953 3751 1051 3816 tingere
1067 3753 1116 3802 sibi
1133 3753 1264 3803 bominem

161 3827 195 3877 ad
206 3829 346 3893 mugientis
356 3830 435 3880 maris
446 3828 541 3880 fluctus
551 3832 577 3881 in
588 3832 677 3882 littore
690 3834 808 3897 querelas
821 3832 983 3896 fundentem,
998 3833 1067 3882 nude
1078 3834 1135 3898 jam
1146 3833 1264 3882 Homero

158 3908 230 3958 littus
240 3907 379 3959 fundendis
391 3910 512 3973 precibus
524 3917 550 3960 et
560 3911 673 3975 querelis
685 3913 758 3962 locus
770 3913 919 3976 aptissimus
930 3914 1000 3962 visus
1011 3921 1060 3963 est.
1095 3914 1189 3978 Neque
1197 3913 1264 3963 illud

161 3990 412 4051 praetermittendum
425 3998 476 4054 est,
488 3991 557 4056 qnod
568 3991 647 4055 po'e'ta
658 4007 756 4043 summo
768 3994 859 4044 dolore
872 4008 1020 4059 percussam
1032 3993 1166 4044 Ariadnen
1178 4008 1264 4060 neque

161 4080 247 4118 comas
264 4071 311 4120 sibi
329 4072 491 4136 evellentem,
509 4087 593 4138 neque
612 4079 719 4136 pectora
734 4075 896 4138 tundentem,
913 4089 995 4140 neque
1011 4075 1062 4125 alia
1072 4075 1164 4124 summi
1175 4078 1264 4128 luctus

159 4144 230 4210 tigna
246 4150 367 4204 edentem
383 4152 430 4219 (cf.
444 4169 481 4204 vs.
492 4159 549 4204 itt.
567 4161 594 4205 et
606 4159 661 4206 btl.
674 4153 768 4221 seqq),
787 4155 832 4205 sed
850 4162 956 4220 stupore
973 4161 1075 4205 tantum
1093 4154 1217 4220 defixam,
1235 4163 1264 4207 nt
