2774 4702
311 337 717 388 c.vr1,nuucuruuur
742 338 900 388 cunuuu
927 342 1000 389 nvi.
1140 328 1207 395 387

103 482 190 570 proin
202 480 313 532 librariis
324 481 448 544 tabernis,
455 481 547 532 Attico
555 497 636 546 more,
676 483 785 547 pessime
796 489 905 547 accepta
917 491 1115 536 acorrectorum
1128 492 1208 540 teme·

103 559 150 622 qui
167 559 194 606 ἐν
211 555 313 619 ἰχθύσιν,
330 557 356 604 lv
374 555 489 617 λαχάνοις
503 556 636 620 dicebant,
675 559 762 608 ritate.
804 559 953 622 legendum
976 563 1043 611 euim
1063 578 1096 612 ex
1118 571 1207 616 nostro

102 631 374 698 prudrlxdumuslom
382 633 634 695 ἐολοχονοιιολεῖοιιῖ
674 635 773 684 libro'
754 651 808 684 siue
825 639 1035 700 interrogatione,
1055 642 1132 690 Tanto
1146 642 1209 692 teia

102 708 142 760 At
151 709 251 771 lubsllra
262 709 332 772 qirod
343 709 404 758 olim
422 711 538 773 reposuit
549 711 635 760 Palla
669 711 819 774 fostunegm
828 714 911 762 amus.
929 714 976 764 Est
984 729 1052 765 enim
1062 716 1211 782 hrodum

101 787 170 849 dius,
186 800 238 836 ιιοιι
253 786 333 849 magis
350 786 391 835 bic
409 786 541 847 convenit,
559 801 633 850 qrram
675 788 751 838 [ders.

99 863 174 912 labra
190 876 236 926 pro
253 862 351 912 balneis
362 863 492 927 accipere.
521 862 633 911 Labrnm
707 869 739 913 16
757 865 889 916 Committe.
910 864 984 928 lucet]
1016 865 1048 914 lu
1070 867 1206 918 Gallicano

101 939 181 1000 euim,
199 945 245 988 ant
265 938 389 987 labellum
410 944 452 986 est
474 936 634 1000 ποδόνιπτρον,
674 941 817 1003 exemplari
838 948 901 1005 puto
919 940 1084 1003 sitisse,lucei,
1098 943 1206 1007 antiquo

100 1023 147 1064 ant
156 1016 250 1065 saltem
262 1016 368 1064 solium:
381 1015 493 1075 Glossae,
505 1018 513 1043 ‘
523 1014 634 1078 labrum,
672 1029 745 1064 more
755 1016 893 1067 scribendi.
913 1018 1004 1081 Neque
1015 1016 1131 1077 dubium,
1143 1018 1207 1082 quin

99 1089 208 1155 λονιὴρ3
233 1089 483 1153 Αῑλοοιὴριιοιιοιῑ
500 1090 631 1140 balneum.
672 1090 711 1139 ita
730 1083 819 1141 fuerit.
855 1093 1026 1141 Committers
1045 1093 1098 1143 luci
1118 1100 1159 1142 est
1177 1094 1205 1142 in

99 1169 177 1218 Idem.
672 1166 786 1216 medium
804 1167 931 1230 proferre,
941 1169 991 1230 rel,
1004 1174 1033 1218 ut
1051 1175 1154 1219 veteres
1168 1169 1205 1219 lo·

131 1244 244 1294 tiAnelli
259 1242 344 1305 sinite]
366 1243 410 1292 Ite
427 1241 577 1293 emendavit
595 1241 633 1291 A·
672 1242 828 1306 quebuntnr,
839 1245 984 1307 propalare.
1002 1243 1078 1295 Idem

99 1318 213 1368 santius.
239 1318 338 1367 Noster
355 1317 424 1367 liber
442 1317 494 1366 sic:
511 1317 633 1368 Abnelts
704 1315 972 1381 assumptoque
980 1319 1204 1384 pmuepswems

97 1395 132 1444 sic
143 1393 355 1458 ipufingitabsm:
368 1393 504 1443 Cormrium
514 1393 634 1455 mihipte·
672 1391 813 1456 scriptura,
821 1395 887 1442 Dum
895 1396 970 1443 nostre
977 1395 1204 1460 srspurtacrpsnms·

98 1470 268 1533 dmoepselloe
286 1469 378 1530 Recte,
388 1474 415 1518 et
426 1467 530 1530 lepide
543 1482 592 1531 ego
604 1473 631 1517 ta
671 1467 714 1516 ris.
738 1465 1205 1534 sensuscommunisexpertemesse

26 1534 30 1545 ’
98 1546 158 1595 allas
168 1545 205 1594 sic
213 1542 548 1608 flagitabam.0pess1mae
560 1543 633 1606 puel·
671 1549 786 1605 oportet,
805 1545 847 1593 cui
866 1559 917 1594 non
942 1551 1033 1608 pateat
1055 1548 1206 1611 legendum,

98 1614 301 1684 laxamentum
315 1618 390 1669 mibi:
408 1618 566 1667 ἐλλιιποιῶι·
581 1617 631 1667 boc
671 1617 737 1666 Dum
747 1620 821 1667 vostri
830 1622 876 1669 sim
882 1622 1001 1685 particeps
1009 1623 1106 1672 amoris
1135 1623 1205 1672 Nam

97 1702 149 1758 est,
160 1695 273 1745 reddite.
291 1693 360 1743 Hac
371 1708 433 1743 saue
444 1693 550 1742 meliora
561 1700 632 1754 sunt,
670 1694 744 1741 vostri
762 1694 788 1743 iu
806 1696 883 1744 nostri
897 1703 1070 1758 mutaverant,
1087 1698 1131 1763 qni
1152 1712 1203 1747 non

97 1786 174 1837 quam
185 1771 231 1819 illa
242 1770 427 1820 commentitia.
458 1768 571 1819 sednon
584 1767 630 1816 du·
670 1769 841 1818 meminerant
861 1770 974 1833 ἀρχαϊκὸν
991 1786 1048 1821 esse
1071 1772 1205 1822 characte-

99 1847 172 1896 binm
188 1845 250 1910 quin
268 1846 306 1894 ita
324 1844 472 1907 legendum,
491 1844 631 1899 Quasooltu
670 1858 723 1892 rem
735 1844 807 1907 hujus
817 1847 940 1895 auctoris.
958 1848 1034 1897 Idem.

97 1929 178 1972 tumea
198 1921 249 1970 eidi
269 1935 350 1968 sereno
366 1920 422 1968 Hos
438 1920 476 1968 uel
492 1924 516 1968 ts
531 1920 566 1970 sic
581 1920 631 1982 ipse
703 1923 735 1968 23
755 1921 809 1974 Non
824 1921 912 1984 castos]
929 1923 1056 1974 Quadam
1076 1924 1204 1975 editiones

88 1995 244 2062 flagitabam.
269 1995 328 2044 Duo
340 1994 491 2059 accusativi.
503 1994 630 2055 Plautus,
671 1993 738 2044 buuc
751 1995 906 2044 versiculum
918 2012 976 2047 cum
993 1998 1043 2048 illis
1062 2014 1153 2049 novem
1164 2015 1205 2050 se-

97 2075 104 2101 ‘
117 2075 190 2125 Quas
203 2073 353 2135 apenninum
370 2085 503 2135 pronuper
514 2077 542 2120 tu
554 2085 631 2120 exac-
671 2073 811 2136 quentibus
825 2074 988 2138 conjungunt
1000 2091 1058 2126 cunr
1070 2079 1204 2140 superiore

96 2154 140 2200 tus
152 2148 200 2199 aa?
222 2149 297 2200 Idem.
672 2148 810 2199 versiculo:
818 2150 945 2213 quodnou
953 2150 1083 2213 displicet.
1092 2153 1144 2202 Alii
1152 2167 1205 2202 me·

132 2229 163 2276 13
180 2224 230 2274 Sed
239 2221 435 2286 teqsaererejam
446 2220 557 2270 Herculis
566 2219 629 2269 labus
670 2222 741 2271 dium
755 2224 920 2286 Epigramma
938 2224 978 2274 bis
996 2226 1112 2278 insititiis
1122 2226 1206 2277 diffiu.

96 2300 144 2363 est]
162 2300 264 2353 Ethaec
278 2311 380 2362 quoque
397 2297 430 2345 de
450 2303 629 2351 correctorum
669 2297 878 2360 dunt,utAldus.
895 2300 1205 2362 Nosterliberdirersmn
1299 2354 1302 2359 ,

97 2374 209 2426 officina.
238 2375 337 2423 Noster
353 2373 436 2422 codex
451 2371 563 2434 optime:
582 2371 629 2425 Sed
670 2375 836 2437 Epigramma
852 2372 924 2438 iacit,
942 2383 970 2423 et
981 2376 1032 2425 alio
1051 2377 1109 2426 loco
1121 2378 1203 2441 ponit.

97 2456 121 2500 ts
133 2450 189 2511 jum
205 2449 274 2510 serre
293 2449 407 2497 Hercrdei
426 2445 490 2495 labos
511 2450 561 2495 est:
584 2444 628 2494 ubl
669 2448 746 2502 Idem.

96 2526 212 2576 Herculei
222 2523 352 2588 genitivus
364 2523 501 2587 antiquus;
518 2528 548 2571 ul
559 2521 629 2585 apud
702 2525 758 2580 Nora
778 2528 855 2575 custos
874 2525 897 2574 si
917 2525 1005 2590 fingar
1033 2526 1074 2576 ille
1093 2525 1203 2591 Cretum]

96 2602 153 2652 Cic.
165 2601 192 2650 in
206 2601 291 2665 Epist.
310 2599 476 2662 probissimus
488 2612 518 2648 ac
533 2598 629 2648 doctis·
668 2599 737 2648 AErei
749 2599 868 2662 gigantis,
877 2601 920 2664 qni
932 2601 1040 2663 singuiis
1056 2601 1151 2651 diebus
1162 2609 1203 2652 to·.

95 2678 175 2727 simus
203 2690 283 2725 senex
312 2675 344 2723 Ρ.
369 2675 500 2726 Victorius
523 2673 629 2730 ¹notavit
668 2679 723 2727 tarn
749 2673 903 2723 circumibat
932 2676 1047 2739 Cretam,
1073 2691 1203 2741 quemque

95 2752 224 2815 scriptum
243 2751 269 2799 in
289 2749 421 2802 veteribus
443 2748 525 2810 libris,
545 2746 629 2796 ‘Tbe-
669 2746 801 2796 veneficiis
813 2748 864 2796 suis
874 2748 980 2803 sustulit
997 2750 1103 2810 Medea,
1115 2753 1204 2801 memi-

94 2826 243 2889 mistoclei,'
256 2824 455 2888 ‘Theophanei'
471 2824 515 2874 Sic
526 2825 535 2851 ‘
547 2823 629 2872 Simo-
668 2836 731 2880 uere
747 2823 902 2884 cumplures.
928 2823 1072 2875 Historiam
1088 2825 1146 2876 fuse
1157 2827 1203 2877 de·

94 2902 181 2959 nidei'
198 2902 268 2967 apud
290 2900 442 2956 Ausonium.
475 2898 629 2951 ‘concedat
668 2897 758 2952 scribit
780 2896 934 2960 Apollonius
955 2899 981 2950 iu
1009 2901 1203 2966 Argonauticir,

95 2978 143 3029 eei
153 2977 231 3027 Musa
239 2976 399 3031 simonidei!
416 2977 465 3025 Est
474 2982 559 3025 autem
570 2989 628 3037 pro·
669 2973 786 3022 Catullus
803 2982 880 3023 vocat
896 2975 964 3024 bunc
975 2976 982 3002 ‘
994 2979 1129 3027 custodem
1141 2979 1204 3028 Cre·

94 3052 249 3104 verbialiter
265 3052 371 3101 dictum.
389 3051 531 3113 Propert.‘
545 3049 628 3098 Dein·
669 3050 742 3112 tum,'
752 3050 820 3115 qnod
832 3064 968 3114 perperam
985 3052 1019 3102 de
1039 3055 1150 3103 Dsedalo
1166 3056 1203 3105 in

94 3132 138 3194 de,
154 3130 198 3179 nbi
221 3120 366 3193 pertuleris,
385 3141 449 3192 quos
465 3125 530 3176 dicit
549 3124 628 3188 famu,
669 3127 807 3189 terpretuti
817 3133 877 3174 sunt
887 3128 1130 3178 omueshactenus
1124 3138 1205 3179 iuter·

94 3206 197 3262 labores
210 3203 348 3254 Herculis!
365 3204 441 3258 Idem.
668 3211 766 3263 pretes.
809 3200 843 3250 Is
868 3199 987 3257 Vossius
980 3215 1007 3250 ιιι
1026 3201 1125 3252 Melam
1142 3217 1203 3274 pag

128 3287 161 3338 14
179 3282 305 3333 Τοιιέοιιιι
305 3281 400 3352 'fusts]
417 3281 452 3331 Et
460 3280 516 3330 bac
527 3291 628 3351 qnoque
668 3279 726 3337 213.

487 3584 693 3653 GARMEN
717 3583 814 3650 LVI.

59 3871 62 3877 .
127 3823 244 3872 torsus
257 3820 384 3872 ridiculam
402 3819 479 3882 Coto]
493 3819 559 3869 Cato
578 3818 627 3868 iste
669 3816 733 3866 serti
745 3815 793 3864 viri
805 3829 893 3865 aurem
901 3814 964 3863 milri
976 3813 1093 3863 velleret.
1110 3813 1174 3862 Soul.

93 3905 172 3949 autor
183 3897 316 3957 Dimum,
328 3902 357 3946 ut
375 3911 421 3946 suo
439 3897 497 3946 loco
513 3895 627 3946 ostendi·
700 3898 716 3942 2
733 3893 884 3955 Dignumque
900 3890 1007 3951 auribus,
1018 3895 1041 3938 et
1057 3895 1098 3938 tuo
1108 3889 1202 3939 corbin*

91 3990 161 4026 mus.
186 3974 230 4022 De
241 3989 291 4038 qno
304 3973 383 4023 Orid.
403 3973 458 4023 ‘Et
474 3986 521 4035 par
537 3970 627 4020 Corni-
666 3967 708 4029 ιιο]
725 3965 850 4015 Profecto
869 3964 1006 4028 legendum
1027 3970 1077 4023 est,
1093 3964 1202 4025 Dignam

91 4049 146 4112 fici,
156 4062 256 4112 perque
268 4047 374 4102 Catonis
384 4047 466 4111 opus?
491 4049 527 4096 Et
537 4047 628 4096 Sueto·
666 4043 771 4106 mribus,
782 4047 805 4092 et
821 4048 862 4092 tuo
874 4041 1000 4091 cachinno:
1018 4045 1047 4089 ut
1058 4040 1201 4103 satyricos,

92 4126 151 4175 nius
171 4123 199 4173 iu
218 4123 285 4172 libro
302 4123 335 4172 de
350 4124 425 4173 claris
435 4122 627 4182 Grammaticis,
666 4119 766 4182 ‘ridcs,
788 4119 835 4181 ais,
851 4124 879 4166 et
900 4116 1067 4165 uimis'nneis
1087 4117 1201 4167 Naribus

92 4200 162 4267 quad
173 4214 225 4252 uon
235 4199 435 4264 admonuissem,
446 4199 495 4251 nisi
507 4211 578 4253 error
588 4196 627 4246 di·
667 4195 784 4260 indulges
792 4194 808 4245 ι’
819 4201 846 4245 et
857 4194 864 4220 ⁴
874 4207 936 4247 nasu
947 4192 1107 4256 suspendere
1120 4191 1200 4248 adua·
