2774 4702
414 356 418 362 .
489 291 520 336 o.
544 289 704 336 rnnsnu
730 288 897 337 curuum

356 433 397 498 Io
414 433 549 517 Hymen
564 432 755 517 Hymenaee
770 435 816 511 io,

397 535 438 598 Io
454 533 593 618 Hymen
610 533 810 617 Hymenaee.

355 636 487 700 Scimus
501 636 575 701 baec
591 636 666 713 tibi,
682 656 758 719 quae
772 636 886 712 licent,

353 738 434 801 Sola
449 741 603 820 cognita:
628 739 689 802 sed
704 741 825 803 merito

354 839 426 904 Ista
440 860 504 904 non
518 840 635 903 eadem
650 838 761 902 licent

355 942 397 1005 Io
413 942 551 1024 Hymen
567 940 753 1025 Hymenaee
768 941 814 1017 io,

399 1043 440 1107 Io
456 1043 593 1125 Hymen
609 1042 808 1125 Hymenaee.

356 1144 475 1227 Nupta
489 1150 524 1208 tu
540 1162 686 1226 qnoque,
702 1162 780 1225 qnae
796 1147 872 1205 tuus

356 1245 421 1310 Vir
434 1251 534 1329 petet,
550 1263 633 1309 cave
648 1263 692 1306 ne
707 1262 829 1324 neges3

355 1348 411 1412 Ne
426 1348 569 1430 petitum
585 1345 723 1410 aliunde
738 1352 802 1410 eet.

355 1447 396 1512 Io
412 1447 548 1531 Hymen
564 1447 752 1530 Hymenaee
765 1447 811 1522 io,

397 1549 439 1615 Io
457 1548 593 1634 Hymen
610 1548 808 1632 Hymenaee.

266 1723 267 1727 Ἰ
354 1651 406 1713 En
422 1650 482 1716 tibi
498 1650 619 1714 domus
632 1653 670 1712 ut
684 1653 815 1730 potens,

353 1752 398 1815 Et
412 1754 510 1817 beata
523 1752 587 1835 viri*
602 1752 663 1828 tui,

355 1851 433 1931 Quo
449 1854 586 1918 tibicine
601 1852 738 1931 serviat,

138 2016 165 2061 nt
175 2013 268 2062 contine
283 2017 308 2063 te
323 2013 357 2063 nb
373 2013 420 2064 bis.
454 2016 478 2064 0
489 2016 622 2080 Hymenoee
633 2013 742 2078 Hymen,
757 2014 881 2078 cHymeu
892 2015 1033 2078 Hymeune.
1068 2012 1186 2064 Nouimus
1196 2015 1251 2064 istu

137 2078 186 2126 nobs
204 2078 250 2127 tibi
267 2093 317 2128 ears
334 2085 400 2141 noto,
415 2094 468 2142 qnoe
484 2080 659 2143 permittuntur
677 2080 779 2139 coelibi;
795 2094 876 2128 oenum
886 2079 937 2128 bne
948 2081 1000 2141 ipse
1019 2076 1067 2128 tibi
1082 2078 1137 2140 jam
1151 2080 1251 2141 coniugi

137 2155 184 2189 um
197 2142 307 2203 emplius
316 2144 497 2207 pemuttnutnr.
525 2145 548 2193 0
560 2144 692 2206 Hymeuoee
703 2144 810 2207 Hymen,
820 2159 835 2191 c
846 2143 942 2207 Hymen
953 2143 1091 2206 Hymeuoee.
1118 2143 1154 2191 ib
1165 2145 1251 2207 etium,

138 2205 245 2267 osona,
257 2206 312 2269 jum
323 2223 417 2270 sponsu,
432 2211 485 2257 eide
501 2223 530 2257 ue
539 2210 639 2269 deneges
659 2222 700 2267 es,
715 2224 769 2268 qnoe
784 2210 956 2256 moriturisne
976 2222 992 2256 n
1011 2215 1038 2255 te
1055 2206 1197 2270 postulabit,
1217 2222 1249 2256 ne

137 2283 168 2317 ex
178 2270 225 2317 nlio
236 2271 284 2319 loco
301 2277 339 2321 eut
357 2273 488 2336 quaesitum.
522 2272 546 2322 0
560 2272 691 2335 Hymenaee
703 2272 831 2334 Hymnus
845 2272 939 2334 Hymen
950 2271 1088 2334 Hymemee.
1124 2272 1187 2319 Ecce
1200 2270 1248 2320 tibi

138 2333 225 2382 adstat
238 2334 336 2395 snmiiin
347 2335 440 2399 nobilis,
457 2341 482 2385 et
490 2336 555 2386 dices
565 2339 603 2384 tui
620 2336 736 2397 osmugis,
752 2352 805 2398 quoe
815 2336 861 2384 tibi
871 2336 942 2386 etium
953 2337 1037 2384 uctnloe
1042 2335 1217 2395 famulabitur:
1233 2352 1249 2384 o

599 2463 776 2482 mm

137 2539 213 2593 eodd.
226 2545 338 2606 Diome,
349 2545 515 2611 improbante
528 2547 596 2596 Stet.
615 2546 683 2611 quod
704 2553 792 2595 tamen
811 2545 915 2608 recepit
932 2544 1131 2594 Garrod—ltu.
1148 2543 1248 2593 147111

137 2607 214 2657 codd.
226 2616 255 2659 et
266 2611 326 2660 edd.
336 2618 401 2661 vett.
431 2612 535 2672 Scirum,
546 2612 597 2660 boeo
607 2611 653 2660 tibi
663 2627 715 2674 quoe
724 2612 803 2669 licent,
815 2610 881 2671 Soio,
891 2610 931 2670 uc.
944 2608 1047 2670 legebat
1056 2608 1126 2657 Stat.
1141 2606 1248 2671 Scimus,

137 2670 187 2720 itoec
196 2672 243 2723 etti
253 2690 306 2738 qnoe
316 2675 388 2724 licent
400 2674 460 2738 Soli,
477 2676 574 2737 cognitu
585 2678 625 2724 sed
636 2677 722 2724 morito
729 2691 739 2732 ,·
757 2675 826 2724 Scal.
837 2688 882 2736 qun
893 2673 979 2730 licem
999 2672 1103 2721 Posset.
1116 2686 1149 2721 ex
1164 2672 1247 2723 Mem.

138 2749 162 2785 c.
173 2737 249 2785 coelibn'
269 2737 320 2787 Soti
330 2740 435 2801 cogsriio,
446 2740 526 2798 unde,
544 2741 565 2787 si
577 2740 673 2788 vetusti
692 2739 801 2801 alicujus
813 2736 969 2800 exemplaris
980 2736 1140 2786 auctoritate
1156 2733 1247 2786 fnlciri

137 2800 222 2860 possit
231 2801 288 2849 haec
300 2802 388 2864 lectio,
411 2804 542 2852 Catullum
555 2802 666 2852 fortusse
677 2804 813 2866 scripsisse
824 2808 902 2865 putot
914 2801 988 2850 Voss.
1017 2801 1112 2850 Sumus
1128 2801 1180 2849 boec
1200 2801 1248 2850 uu

138 2862 215 2911 coriti
225 2869 249 2912 et
267 2864 319 2913 Seii
337 2867 442 2928 cognitu,
459 2867 625 2927 improbante
642 2868 723 2916 Doer.
738 2868 843 2928 vutgma
855 2873 942 2914 tamen
952 2872 1055 2914 seruata
1065 2872 1107 2913 est
1118 2879 1133 2913 s
1144 2865 1248 2925 Vossio,

138 2931 259 2985 streete,
271 2927 362 2977 eodem
371 2930 453 2978 Dosr.
462 2930 646 2992 jndice—156
663 2931 754 2980 Heius.
770 2931 1065 2994 cerimoniarum,
1077 2929 1247 2991 improbante

138 2989 218 3039 Doer.
230 2998 257 3040 et
267 3007 326 3040 mox
338 2995 376 3040 Eu
387 3008 435 3056 pro
448 2994 572 3042 [ἰὴ-158
589 2994 621 3042 Iu
632 2995 739 3044 Veneti.
757 2994 833 3042 Brix.
845 2994 950 3043 Vicent.
979 2994 1039 3049 Qnie
1049 2992 1106 3050 tibi,
1124 2993 1186 3055 siue,
1196 3008 1247 3050 serf

137 3053 204 3113 vien
216 3055 243 3104 in
254 3057 350 3106 Veniet.
362 3071 404 3106 nn.
417 3060 491 3107 1493.
501 3059 572 3107 Mur.
584 3064 613 3108 et
623 3059 699 3109 Cant.
728 3059 789 3114 Quoe
799 3058 853 3120 tibi,
865 3058 924 3121 sine,
940 3059 1038 3122 seruiat,
1048 3072 1081 3106 ex
1092 3057 1164 3122 conj.
1178 3057 1248 3106 Pon·

639 3223 746 3274 NOTAE

170 3331 329 3382 lisseium
348 3333 399 3383 boc
417 3333 474 3398 tibi]
508 3335 672 3385 Fescennina
712 3336 807 3396 ionem,
817 3339 847 3383 nt
862 3347 956 3397 nempe
974 3344 1078 3395 sponsa,
1095 3331 1246 3397 prinsquam

137 3405 247 3458 ilceutin
268 3414 297 3458 et
318 3408 489 3460 mordacitate
508 3411 609 3459 Manlio
627 3425 671 3460 ex·
711 3411 795 3460 virum
817 3408 966 3469 accederet,
987 3407 1082 3456 muium
1104 3406 1247 3469 cydoniam

138 3482 413 3544 probrnntnrnet'suda
421 3494 671 3552 puerornmstupraj
711 3500 757 3535 seu
770 3492 907 3534 cotoneum
919 3482 1084 3544 comederet3
1108 3489 1137 3531 nt
1148 3481 1247 3545 signifi·

138 3570 196 3621 qnae
212 3557 244 3621 si,
255 3559 367 3609 nondum
379 3561 459 3611 ducta
477 3578 557 3612 uxore
575 3563 624 3611 sibi
641 3564 670 3612 ii·
711 3570 826 3623 curetur,
838 3560 936 3610 debere
948 3573 1005 3608 esse
1017 3558 1110 3621 grstiae
1121 3564 1150 3607 et
1160 3557 1248 3607 sunri-

137 3630 222 3681 cuisse
233 3634 425 3698 putaret‚quod
436 3637 506 3686 nullu
516 3635 601 3686 forsan
614 3639 670 3700 tege
711 3638 773 3688 tatis
794 3638 898 3701 plenum
918 3634 1042 3701 quicquid
1064 3634 1097 3683 nb
1118 3635 1177 3698 ejus
1198 3642 1247 3684 ord

136 3702 313 3769 ¹vetabantur3
338 3708 427 3757 eadem
439 3716 526 3759 tamen
541 3726 609 3760 nunc
620 3712 671 3775 ipsi
710 3713 880 3778 procederem
891 3713 1028 3776 ipsumque
1040 3708 1145 3759 foetum
1158 3717 1188 3760 et
1198 3710 1247 3760 ini·

133 3778 191 3846 jem
201 3783 576 3848 maritosmpltnsnonliceut.
661 3785 664 3789 ’
710 3797 763 3839 tem
780 3803 837 3837 esse
849 3793 982 3852 oportere,
991 3798 1025 3834 ne
1036 3784 1070 3834 sb
1089 3784 1169 3848 ipsius
1186 3798 1249 3835 een·

172 3861 220 3908 len
233 3859 296 3908 Cone
306 3873 335 3908 ue
345 3859 427 3923 neges]
440 3860 533 3909 Monet
542 3875 670 3925 sponsum,
710 3864 845 3914 suetudine
857 3862 968 3913 maritus
978 3860 1115 3910 alienetur.

137 3944 172 3983 ne
192 3934 254 3999 quid
272 3934 378 4000 conjugi
397 3940 486 3998 neget,
506 3936 550 3984 sed
573 3937 625 4000 ipsi·
644 3938 670 3986 in
743 3943 799 3990 156*
810 3941 849 3988 En
859 3937 906 3987 tibi
917 3936 1010 3999 domus]
1030 3935 1249 3987 Gratuintnrdn·

136 4011 256 4063 omnibns
267 4011 447 4076 conjugalibus
462 4019 563 4075 parent.
597 4011 670 4062 Auu·
709 4017 762 4080 uae,
778 4015 980 4080 qnodfsmiiinm
996 4013 1106 4063 divitem
1124 4017 1153 4062 et
1172 4012 1248 4063 nobi·

138 4084 202 4135 dere
213 4103 291 4152 porro
302 4089 406 4139 videtur
417 4088 534 4138 Catullus
546 4087 578 4137 sd
591 4088 670 4138 ritum
712 4092 762 4142 lem
772 4089 941 4155 ingrediatur.
1238 4098 1243 4109 ¹

138 4162 668 4231 antiquum,qnemferuntinstitnisseso·
775 4198 779 4202 -
816 4200 818 4205 -
