2774 4702
519 315 550 363 G.
573 313 732 362 VALERH
757 314 922 362 cavum
970 333 973 338 ·

303 455 482 520 Ducenties
498 463 674 534 comesset,
690 464 748 521 aut
761 456 961 522 trecenties?

305 557 398 636 Quid
411 559 487 621 esti
511 556 560 620 ait
574 557 710 622 sinistra
722 557 922 634 liberalitas,

303 658 428 722 Parum
444 657 658 741 expatravit3
679 677 720 721 an
734 677 851 742 parum
864 657 1033 722 helluatus
1048 659 1124 722 esti

304 759 450 823 Paterna
463 760 571 841 prima
583 758 753 822 lancinata
768 765 850 823 sunt
862 759 973 824 bona:

306 859 463 926 Secunda
476 858 593 943 praeda
605 859 768 925 Pontica:
788 858 865 924 inde
880 859 978 924 tertia

305 961 445 1039 Hibera,
460 979 563 1045 quam
577 961 643 1026 scit
657 961 763 1026 amnia
778 959 899 1025 aurifer
911 959 1035 1043 Tagus.
1233 963 1277 1027 20

174 1123 272 1182 centies,
287 1120 485 1174 occurrentia?
506 1124 621 1187 quidhoc
632 1123 687 1177 est?
712 1123 845 1174 Antetoec
860 1124 960 1186 largitio
975 1124 1107 1188 pernicioso
1124 1141 1210 1190 pamm
1226 1143 1279 1177 cors·

175 1185 279 1238 merul?
302 1188 427 1251 Aspeeeo
441 1185 583 1238 dmsrositi
607 1189 693 1237 Primo
701 1191 859 1239 &eodem
870 1189 929 1239 loss
945 1205 960 1236 a
976 1189 1155 1252 petroselicts5
1177 1194 1279 1241 semeria

134 1288 141 1315 ,
172 1255 256 1316 preda
264 1253 384 1311 Pestico3
400 1252 474 1302 tertie
481 1250 562 1317 llere,
571 1256 595 1301 ct
606 1267 663 1316 pros
673 1254 738 1304 mair
750 1254 832 1315 Tagus
842 1253 933 1318 ficum
943 1253 1048 1316 arriger.
1083 1255 1172 1304 Gallie
1181 1257 1280 1306 medem

637 1379 818 1401 ‘W

175 1475 253 1521 semo,
263 1460 425 1524 improbante
436 1461 599 1513 Arent-16
614 1463 647 1512 In
659 1461 735 1513 codd.
747 1462 814 1513 Stat.
828 1461 894 1519 Ques
904 1461 1049 1512 erescere.
1060 1462 1077 1511 l.
1099 1461 1192 1512 Faiirn.
1202 1477 1237 1512 ex
1246 1477 1279 1514 ea

175 1523 300 1587 faciebat,
312 1525 377 1582 Quis
387 1526 504 1585 obstffltr
515 1526 623 1577 eistat.
636 1526 703 1584 aare
712 1531 746 1575 est
757 1526 840 1584 rliudr
851 1525 923 1589 (nam
939 1526 999 1588 eliel,
1015 1525 1070 1575 sire
1079 1527 1134 1585 elit,
1146 1540 1193 1590 pro
1202 1530 1281 1590 eliso,

176 1588 300 1639 dixerunt
309 1596 410 1640 veteres
432 1591 517 1652 3hsoc
527 1592 589 1641 lect.
598 1591 730 1641 dederuut
740 1590 808 1639 Scal.
821 1598 849 1640 et
860 1589 976 1652 Vulpius.
1008 1589 1111 1640 Scalet
1119 1590 1280 1642 Vosaoodrl.
1315 1648 1319 1654 ⁴

176 1653 302 1703 exhibent
313 1652 359 1713 eit,
423 1656 517 1705 eScal.
528 1656 597 1718 conj.
605 1656 639 1704 ui.
674 1653 780 1703 Avertit
793 1654 1010 1714 emendationem,
1020 1655 1108 1703 onice
1117 1669 1137 1704 s.
1149 1655 1282 1704 liberalitas

178 1718 211 1767 P.
222 1716 379 1780 eepotrcciti
391 1729 547 1834 recepierunt
555 1717 616 1784 Ate.
628 1723 652 1768 1.
663 1719 733 1768 Mor.
746 1718 799 1781 alii,
809 1724 837 1769 et
848 1719 916 1768 iuter
925 1718 1085 1767 recentiores
1104 1718 1232 1782 Rip—18
1247 1719 1281 1768 ln

178 1780 238 1831 edd.
248 1789 313 1835 vett.
321 1783 440 1846 priorem
478 1782 598 1834 adrianus
610 1788 673 1833 ante
689 1782 759 1843 scal.
773 1782 841 1846 conj.
849 1781 1001 1846 primo-20
1016 1782 1120 1833 Marcil.
1131 1796 1198 1833 corr.
1210 1798 1282 1846 peon

674 1926 784 1978 NOTAE

177 2039 266 2104 etiarn,
281 2039 424 2104 ‘terrarum
434 2039 630 2091 ultims'l'lrule.’
651 2040 711 2090 Bri·
785 2044 815 2090 15
835 2041 974 2105 Duceotm]
998 2040 1093 2105 idest,
1110 2043 1283 2093 esuriisset

123 2128 128 2134 ·
179 2114 294 2165 taeniam
304 2115 408 2180 subegit
419 2117 554 2179 Caesar‚nt
562 2118 617 2167 lete
630 2114 710 2181 scrip-
750 2117 877 2166 trecenties
887 2124 1000 2167 centena
1012 2117 1091 2166 millia
1101 2118 1261 2168 sestertium.

177 2191 249 2240 sitin
261 2190 313 2240 suis
325 2191 524 2242 commentariis.
785 2196 815 2242 17
836 2191 994 2257 Eepotrooit]
1010 2192 1043 2241 Id
1062 2199 1111 2255 est,
1130 2191 1283 2243 libidinibus

211 2269 242 2314 14
262 2265 296 2314 Ut
312 2265 359 2315 istu
375 2271 454 2315 oestro
471 2266 711 2331 affectassemus]
751 2267 885 2317 absumsit.
916 2268 925 2297 ‘
944 2267 1075 2331 Patrsre,'
1086 2268 1200 2331 ¹verbum
1221 2269 1282 2318 olim

178 2340 338 2389 Mamurram
354 2340 530 2392 ‘mentulam'
545 2343 712 2407 cognominat
751 2343 897 2408 honestum,
913 2344 940 2393 in
959 2343 1107 2394 obecoeunrn
1117 2344 1283 2396 intellectum

179 2419 251 2469 coitu
262 2420 423 2483 exhaustam,
441 2421 481 2471 uti
500 2421 577 2484 vulgo
589 2420 667 2471 etiam
685 2421 712 2470 in
751 2419 884 2470 detortum
903 2419 983 2469 foisse
1004 2420 1084 2470 docet
1104 2419 1214 2472 Quintil.
1233 2419 1282 2471 lib.

178 2502 338 2547 contemtum
366 2496 455 2548 dicere
483 2498 603 2548 solemus.
647 2495 712 2558 Alii,
752 2507 815 2545 vru.
826 2494 895 2559 quod
907 2493 1042 2544 confirmat
1052 2493 1116 2545 illud
1127 2494 1215 2544 Persii
1225 2495 1283 2546 Sat.

177 2571 272 2638 quibus
281 2586 333 2623 non
344 2573 433 2636 placet
444 2578 474 2623 ot
488 2574 569 2624 colom
581 2572 712 2622 Curarem
752 2584 771 2619 1.
787 2570 795 2597 ¹
805 2569 919 2633 patranti
930 2567 1030 2620 fractus
1042 2567 1142 2620 ocello!

177 2648 508 2712 allocutusscetrodlxerlt,
516 2647 658 2699 dictionem
669 2661 713 2698 ex·
738 2640 740 2645 ’
785 2650 817 2695 19
832 2645 940 2696 &mado
954 2647 1038 2710 predo
1057 2643 1174 2709 Pontico]
1196 2643 1285 2696 Po‘e'ts

178 2728 308 2788 pungunt,
320 2731 348 2774 et
363 2738 430 2775 sem
441 2724 611 2787 substituunt,
623 2722 649 2773 id
661 2729 713 2786 est,
751 2720 835 2787 mugit
845 2722 931 2773 omnia
949 2721 1028 2785 bella,
1044 2735 1103 2786 qua
1115 2720 1213 2772 Cressri
1225 2736 1286 2786 sup·

179 2813 270 2864 parva.
304 2799 382 2850 Ovid.
391 2800 462 2850 Faet·
478 2800 533 2850 ‘Ut
541 2799 651 2864 grsudls
659 2797 711 2848 ter·
751 2798 945 2862 multaverunt,
963 2797 1032 2847 unde
1047 2797 1208 2847 Mamurram
1219 2796 1284 2846 diri·

179 2889 210 2924 rs
220 2873 305 2924 coloni
315 2873 381 2926 Qua
392 2875 461 2924 male
472 2879 612 2925 creverunt
622 2889 711 2925 resca-
751 2873 797 2924 tiis
817 2873 971 2924 cumularet.
1010 2873 1098 2922 Proeds
1124 2877 1211 2921 auten
1239 2872 1284 2922 ills

180 2962 325 3013 queparrs
345 2949 456 3000 vocent.'
489 2948 712 3000 Ethiooridetur
751 2949 853 2999 Pontice
873 2953 1008 3012 reportate
1023 2952 1065 2997 est
1085 2961 1119 2998 ex
1134 2945 1214 3007 bello,
1232 2961 1283 3011 quo

179 3024 285 3075 Servius
296 3025 388 3090 Virgil.
405 3025 467 3076 illud
486 3027 711 3092 inGeorg.errpo·
753 3025 901 3076 Pharnacem
921 3023 1082 3075 Mithridatis
1101 3023 1183 3075 Ponti
1202 3023 1284 3088 Regis

178 3101 277 3151 suisse:
305 3101 420 3153 ‘Vescas
446 3103 552 3154 salicum
577 3103 717 3155 frondeer’,
750 3099 832 3151 filium
852 3102 924 3151 nullo
940 3101 1046 3165 negotio
1056 3105 1085 3150 et
1095 3101 1231 3151 celerrime
1241 3115 1284 3151 sn·

178 3176 197 3225 i.
210 3191 233 3228 e.
244 3177 325 3227 eiccas
342 3183 371 3228 et
387 3184 508 3241 teuerssr
526 3195 584 3230 nem
605 3181 711 3245 perhoc
751 3178 870 3242 peravlt;
888 3175 1283 3242 dequonotumillndcaesaris3

178 3251 249 3316 quod
261 3252 326 3304 dicit
345 3260 448 3304 teneras
465 3254 569 3306 videtur
584 3257 652 3308 velle
665 3271 711 3320 pa·
750 3257 841 3319 ‘reni‚
862 3254 925 3321 ridi,
944 3255 1013 3307 sicil
1045 3257 1116 3321 Lege
1132 3256 1282 3307 Suetonio

179 3330 248 3379 sillss
269 3329 377 3393 inferre,
399 3331 472 3396 quasi
497 3330 577 3395 (licat,
599 3331 712 3382 minores
753 3333 850 3382 Caesar.

178 3405 294 3469 frondes,
305 3420 362 3470 quse
374 3421 424 3456 noo
435 3415 512 3459 erunt
520 3408 602 3473 dura,
613 3408 712 3460 dandas
783 3413 818 3458 2⁰
830 3407 936 3471 Hibero]
949 3407 979 3459 ld
989 3414 1041 3474 est,
1050 3408 1177 3473 Hispane.
1189 3409 1283 3474 Hispa·

180 3493 247 3529 erse.
264 3481 358 3546 Neque
369 3483 437 3532 eninr
448 3485 712 3552 siccnmnnumqucd·
752 3482 822 3533 niam
839 3483 908 3533 enim
926 3483 1022 3534 dictam
1041 3482 1122 3537 tubae
1137 3485 1146 3513 ⁴
1155 3484 1283 3536 Iberiam’

181 3568 232 3617 que
244 3554 337 3605 durum
349 3565 396 3607 est.
430 3558 712 3613 Praetereasiccumet
746 3559 784 3608 ab
810 3559 889 3609 Ibero
920 3558 1027 3610 flumine
1056 3573 1136 3624 supra
1163 3560 1283 3612 vidimus.

180 3634 299 3678 tenerum
310 3645 360 3680 non
373 3641 550 3698 opponuntur,
567 3637 645 3688 sicuti
656 3638 712 3703 qui·
751 3634 871 3685 Pradsor
882 3635 1013 3700 intelligit,
1021 3650 1099 3700 quam
1110 3651 1143 3686 ex
1155 3636 1284 3702 Hispanis

180 3705 291 3756 busdam
310 3706 429 3758 Serrium
446 3710 628 3764 damnantibus
638 3714 712 3765 ride·
750 3710 842 3761 retulit
870 3711 966 3776 cesar,
988 3712 1096 3764 Petreio
1119 3718 1147 3761 et
1174 3711 1283 3763 Afranio

181 3786 240 3832 ture
258 3781 303 3833 sed
314 3789 432 3835 tenerum
448 3791 476 3837 et
495 3787 597 3852 donem,
615 3791 712 3841 siccum
753 3787 970 3853 Pompeianarum
995 3788 1107 3854 partiam
1127 3788 1238 3839 (lucibus
1257 3789 1284 3838 iu

180 3863 210 3907 et
219 3857 312 3909 viride.
346 3861 402 3924 Ego
414 3875 487 3925 vero,
497 3863 566 3927 quod
578 3869 657 3915 cestro
665 3880 713 3930 pro
752 3864 1029 3932 Hispaniesuperatis.
1062 3866 1131 3917 Hac
1147 3867 1285 3917 satisnota

180 3937 223 3982 tun
234 3934 351 3986 Catullus
360 3935 464 4001 poitice
476 3939 601 4004 posuerit,
607 3941 712 3992 minime
745 3946 793 3990 est
805 3941 932 3992 Historia.-

182 4006 310 4075 offendor,
320 4014 436 4078 quamvls
446 4015 658 4067 etiamadtotum
669 4032 712 4068 ex·
786 4016 876 4081 tagus]
891 4016 1027 4081 Hispania
1045 4015 1139 4067 florius
1157 4017 1184 4067 in
1201 4017 1284 4068 ocer-

181 4089 292 4137 ercltum
304 4090 454 4156 respiciens,
469 4096 548 4143 oestro
567 4092 656 4143 dicere
667 4107 712 4158 po·
752 4103 813 4140 num
824 4092 893 4142 ultra
908 4093 1092 4156 Ulyesiponem
1106 4096 1284 4159 prorumpens,

184 4161 274 4215 tuerit.
754 4167 826 4232 aquis
838 4167 922 4218 eureis
941 4182 987 4220 scu
999 4169 1083 4220 arenis
1097 4168 1168 4235 apud
1181 4176 1282 4221 veteres
