2774 4702
136 290 180 357 28
439 309 488 358 nu
511 311 544 358 c.
568 309 734 357 vannnro
758 310 932 358 carnaco

114 575 120 581 .
176 534 182 540 ·
254 520 385 588 Sentius
399 519 593 606 Augurinus
607 541 666 606 ap.
682 521 780 587 eund.
794 521 853 588 lib.
869 538 918 586 ιν.
941 523 1050 607 Epist.
1061 522 1118 589 27.

309 657 417 724 Canto
430 659 580 724 carmina
592 660 747 724 versibus
762 658 914 736 minutis,

196 832 200 838 ,
309 757 380 825 His
395 760 474 825 olim
489 762 612 845 quibus
625 765 659 824 et
671 780 764 826 mens
780 758 946 836 Catullus,

308 859 354 926 Et
368 858 505 940 Calvus,
519 869 725 945 veteresque.

182 1030 282 1096 Corn.
295 1030 437 1097 Tacitus
451 1029 575 1097 Annal.
589 1048 735 1196 rvbcag.
744 1030 800 1096 34.
816 1031 851 1095 in
866 1030 1023 1097 Oratione
1035 1030 1194 1099 Crematii

665 1151 702 1196 or
725 1153 750 1196 1.

183 1264 340 1333 Carmina
347 1266 506 1332 Bibaculi
520 1273 555 1331 et
563 1263 693 1329 Catulli
702 1264 825 1330 referta
835 1265 1051 1333 contumeliis
1061 1265 1237 1333 Caesarum

52 1373 85 1396 “
138 1367 297 1452 leguntur.

497 1537 672 1606 Iuvenalis
688 1537 760 1602 Sat.
777 1553 830 1604 vr.
844 1537 878 1603 7.

312 1670 418 1737 Haud
433 1670 551 1736 similis
566 1671 639 1748 tibi,
654 1669 797 1754 Cynthia
810 1690 819 1750 3
840 1690 903 1735 nec
916 1673 988 1751 tibi,
1005 1674 1103 1758 cujus

267 1772 434 1839 Turbavit
446 1772 571 1838 nitidos
587 1772 756 1838 extinctus
772 1772 896 1837 Passer
907 1776 1044 1840 ocellos.

102 1858 140 1877 -s

445 1942 624 2007 Suetonius
637 1943 672 2006 in
685 1940 709 2006 J
711 1942 778 2007 ulio
793 1962 868 2026 cap.
882 1942 936 2009 73.

184 2075 359 2141 Valerium
380 2074 565 2154 Catullum,
590 2095 699 2161 aquo
721 2076 786 2140 sibi
813 2076 987 2142 versiculis
1007 2077 1049 2142 de
1071 2077 1244 2146 Mamurra

141 2183 302 2263 perpetua
317 2178 474 2260 stigmata
495 2178 665 2260 imposita,
685 2197 752 2243 non
774 2176 1054 2257 dissimulaverat,
1072 2181 1245 2246 satisfaci-

142 2283 253 2342 entem
267 2278 384 2343 eadem
405 2278 459 2341 die
474 2277 627 2342 adhibuit
642 2297 773 2344 coenae:
796 2278 1011 2363 hospitioque
1030 2283 1137 2363 patris
1151 2282 1243 2365 ejuS,
1292 2282 1301 2299 '

59 2427 82 2443 μ
143 2380 235 2444 sicut
250 2385 483 2457 consueverat,
498 2379 548 2444 nti
562 2381 797 2462 perseveravit.

327 2547 561 2628 Quintilianus
581 2548 693 2613 Instit.
710 2547 802 2614 Orat
816 2548 874 2613 lib.
888 2565 915 2615 1.
933 2569 1008 2634 cap.
1023 2553 1057 2615 5.

273 2679 370 2744 Sicut
383 2677 540 2744 Catullus
552 2681 745 2764 ploxemum
760 2680 851 2744 circa
864 2680 995 2749 Padum
1009 2681 1163 2746 invenit.⁸

265 2847 360 2912 Idem
374 2847 434 2911 lib.
449 2848 527 2912 eod.
542 2867 617 2930 cup.
631 2848 687 2914 10.
701 2849 762 2913 nbi
777 2849 819 2913 de
834 2847 1118 2932 Aspimtionibus.

140 2948 144 2957 ι
188 2980 321 3066 Eripuit
334 2979 429 3046 brevi
452 2979 734 3062 temporcnimius
756 2990 906 3059 nsua-nt
927 2981 1075 3062 chorona,
1089 2983 1247 3051 electuri-

146 3104 226 3162 onas,
238 3079 412 3166 praedones
427 3079 539 3145 adbuc
554 3080 758 3165 quibusdam
781 3081 1054 3166 inscriptionibus
1069 3093 1246 3172 maneant;

8 3251 63 3282 l
141 3204 215 3270 ⁴qna
227 3184 269 3249 de
280 3203 317 3251 re
333 3182 456 3248 Catulli
469 3181 580 3247 nobile
595 3181 809 3266 Epigramma
822 3189 899 3247 est⁹

510 3351 606 3422 Idem
620 3352 680 3418 lib.
698 3368 748 3418 vr.
763 3371 840 3437 cap.
854 3352 886 3418 3.

188 3488 235 3552 Et
250 3487 401 3553 Catullus
415 3506 490 3551 cnm
505 3487 608 3551 dicit:
845 3523 847 3527 ψ

274 3592 285 3622 ‘
301 3585 406 3651 Nulla
420 3587 454 3650 in
467 3593 538 3652 tam
553 3604 675 3667 magno
689 3589 742 3651 est
755 3603 892 3669 corpore
907 3586 995 3651 mica
1006 3590 1138 3671 salis,'¹0

141 3707 212 3757 non
222 3687 286 3753 boc
301 3684 394 3766 dicit,
406 3684 489 3751 nibil
501 3686 536 3751 in
549 3704 690 3769 corpore
705 3684 778 3770 ejus
793 3703 867 3751 csse
881 3686 1069 3754 ridiculum.

26 3799 76 3858 s
558 3870 560 3874 ,

636 3893 748 3946 Noun:

212 4023 225 4061 ⁸
242 4024 328 4075 earm.
340 4036 416 4075 xcvr.
553 4021 567 4058 ⁹
585 4021 670 4103 cm?
683 4037 803 4076 uxxxrrr.
936 4026 961 4059 ¹⁰
977 4030 1063 4081 Carra.
1076 4041 1182 4085 mxv.
