2774 4702
552 257 708 309 GARMEN
734 256 839 306 LXVI.

194 399 389 473 Flammeus
403 407 440 467 nt
452 399 563 485 rupidi
577 401 660 467 solis
674 402 763 466 nitor
777 394 978 479 obscuretur,

238 497 287 572 Ut
300 507 418 572 cedent
431 505 529 570 certis
545 504 654 570 sidera
665 504 885 587 temporibus,

191 603 243 674 Ut
256 609 403 674 Trinium
417 606 531 670 furtim
546 607 610 669 sub
624 606 757 670 Latmia
772 622 860 670 sexa
871 604 1032 690 relegens,
1225 612 1247 673 5

236 711 358 774 Dulcis
373 727 467 772 umor
482 723 562 790 gyro
577 706 721 771 devocet
735 705 848 771 aerior

189 811 287 874 Idem
300 830 354 873 me
368 810 426 874 ille
441 804 559 873 Conon
572 808 707 873 coelesti
721 808 846 872 lumine
859 808 947 874 vidit

234 904 265 974 E
278 910 458 974 Bereniceo
471 910 595 974 vortice
609 909 780 973 caesariem

141 1080 169 1124 et
181 1086 284 1133 oremus,
295 1074 339 1137 qui
349 1073 496 1135 speculatus
507 1078 557 1136 est,
571 1076 681 1136 quomodo
695 1076 806 1137 splendor
822 1075 906 1135 igneus
916 1073 980 1124 Solia
994 1075 1079 1124 notoria
1094 1075 1189 1138 eriipn‘n
1200 1091 1243 1139 pa·

141 1139 233 1197 ιίιιιιιν,
240 1139 350 1198 montedo
359 1136 431 1185 certis
440 1141 569 1198 temporum
579 1137 667 1198 spatiis
681 1141 747 1185 astru
758 1137 825 1185 nobis
834 1139 989 1199 occuluntur,
1003 1141 1115 1201 quomodo
1125 1140 1244 1200 jucundus

143 1200 331 1260 mongum
344 1199 551 1258 {triniumfarts‘ss
565 1200 647 1249 subter
662 1199 783 1250 laetantum
799 1206 900 1250 montem
914 1203 1014 1252 dederent
1025 1214 1081 1253 eam
1095 1217 1245 1253 ιιιιιιιιιιιιι-

142 1264 216 1315 irata':
233 1263 284 1324 a'ile,
301 1262 413 1327 iuquam,
432 1262 482 1326 a’pse
499 1263 580 1312 Conon
596 1263 680 1313 diuino
697 1265 814 1314 coeloram
831 1265 882 1316 acie
897 1265 960 1316 eutr
980 1281 1018 1316 ms
1032 1281 1121 1316 romara
1137 1282 1150 1317 s
1166 1269 1244 1332 rapite

602 1385 783 1410 mmo}

144 1467 260 1521 Mei—t
277 1471 352 1520 Voss.
360 1470 386 1518 in
396 1442 459 1519 libb.
469 1474 532 1520 vett.
543 1466 714 1534 deprehendit
729 1471 847 1531 sublimio,
857 1477 884 1520 et
901 1471 943 1520 sub
958 1472 1044 1520 Lemiu
1051 1488 1062 1530 ;
1081 1477 1109 1521 at
1119 1471 1145 1519 in
1158 1479 1244 1533 poste·

143 1535 207 1583 riori
218 1533 383 1599 acquiescens
390 1534 458 1598 juga
468 1535 535 1583 OEtre
546 1536 640 1584 montis
651 1536 734 1585 intelli
753 1536 783 1596 ἰ,
794 1534 827 1584 ud
838 1535 913 1598 cujus
922 1535 1025 1584 radices
1041 1534 1103 1583 urbs
1113 1535 1121 1564 ‘
1130 1535 1244 1583 latmin'

144 1598 195 1646 sita
214 1596 302 1647 fuerit.
337 1598 435 1646 latnie
458 1603 564 1647 tuentur
582 1613 670 1648 ornnes
684 1600 744 1648 librr
761 1603 875 1648 vett-ti
892 1599 924 1646 In
935 1597 1013 1647 codd.
1026 1613 1112 1659 genero
1123 1599 1243 1660 sutgr'oo·

144 1663 210 1725 dero,
230 1661 299 1711 uude
318 1662 395 1710 Voss.
412 1659 555 1725 fecitduo,
574 1662 643 1726 quod
660 1663 779 1726 reposuit
794 1662 843 1712 Ed.
861 1666 986 1712 anon-r
1003 1661 1034 1710 Iu
1050 1661 1117 1711 Stat.
1128 1661 1244 1712 roduna

144 1723 207 1774 edd.
216 1730 282 1774 vett.
292 1722 354 1774 Aru.
366 1725 468 1788 Grypb.
480 1725 551 1775 Mur.
563 1733 592 1776 et
602 1726 671 1776 Stat.
689 1727 778 1776 enicat
793 1726 896 1789 ιιιιιιιιιιε,
910 1724 1020 1776 fortasse
1031 1730 1061 1775 ut
1071 1724 1106 1775 sit
1118 1738 1165 1787 pro
1174 1725 1181 1754 ‘
1189 1739 1245 1774 rna·

141 1787 264 1851 jestate;’
272 1788 299 1838 iu
309 1789 403 1839 Venet.
414 1803 455 1838 an.
468 1792 541 1838 1⁶00.
551 1796 579 1840 et
587 1790 718 1840 Marcellii
729 1791 807 1840 Pont.
817 1791 890 1840 Max.
901 1788 968 1838 libro
977 1789 1064 1838 cubui
1072 1803 1176 1852 sumere,
1185 1788 1210 1838 b.
1217 1803 1244 1839 e.

143 1851 252 1900 ‘divino
263 1850 389 1901 beneficio
400 1852 469 1901 inter
479 1853 568 1902 stelias
584 1851 727 1918 fulgentem
735 1855 752 1915 ς’
772 1854 841 1918 quod
861 1851 979 1916 reposuit
998 1851 1058 1915 Bip.
1087 1851 1153 1902 Stet.
1174 1852 1245 1915 conjs

143 1916 247 1977 ιιιιιιὲιιιι,
257 1916 299 1963 vel
309 1915 395 1964 tandm
405 1920 435 1963 ut
446 1914 481 1964 ud
492 1916 623 1965 Cononem
635 1916 775 1977 referetur,
793 1917 894 1966 ‘divino
924 1915 1017 1966 nudam
1028 1917 1162 1965 oculorum
1171 1914 1243 1966 aeie’

143 1978 298 2040 praeditum
319 1978 387 2042 quod
407 1978 535 2041 posterius
545 1986 701 2042 receperunt
712 1980 782 2029 Scal.
794 1980 882 2029 Graev.
896 1932 954 2030 adit:
968 1980 1045 2028 Voss.
1064 1978 1138 2028 dedit
1156 1980 1244 2028 coebstr‘

141 2041 169 2090 ιἰι
176 2041 275 2102 lamiae,
285 2041 388 2105 adiecta
398 2042 615 2102 interpretatione
633 2043 677 2092 ‘in
688 2044 754 2093 creto
766 2049 807 2092 tot
818 2042 944 2092 sideribus
955 2042 1088 2092 relucente
1097 2042 1113 2102 ;’
1132 2056 1244 2107 eumque

142 2106 228 2156 secuti
244 2111 304 2168 runt
320 2107 398 2169 Vnip.
410 2114 437 2156 et
448 2105 497 2155 Ed.
508 2111 634 2156 auom-8
651 2106 729 2157 Ebors
740 2108 816 2156 Nicer
835 2106 942 2170 legebat
962 2106 1059 2156 Nestor
1077 2106 1105 2156 in
1116 2106 1243 2167 Vocabub

640 2248 748 2298 NO'EAE

142 2356 323 2412 molestissime
338 2356 447 2423 ferrent,
464 2354 553 2409 Conon
570 2357 673 2410 Metire·
713 2358 800 2409 fectus
819 2360 909 2421 Lunae,
928 2372 987 2423 quan
1007 2372 1068 2408 oum
1088 2359 1241 2409 obscuretur

142 2434 252 2483 mationa
264 2438 326 2483 tuuc
337 2435 460 2497 temporis
472 2436 612 2497 exceliens,
623 2437 673 2485 Re·
713 2434 747 2483 de
759 2434 824 2483 coelo
837 2432 996 2493 descendere
1007 2433 1034 2481 in
1045 2434 1178 2496 ampiexus
1189 2434 1241 2482 Eu·

142 2509 181 2570 gis
199 2508 311 2571 gratiam
327 2508 394 2556 inire
410 2509 526 2571 cupiens,
543 2509 674 2573 persuasit
713 2506 840 2571 dymionis
857 2505 976 2572 fingitur.
1017 2505 1164 2569 Endymion
1179 2521 1241 2556 vero

143 2583 243 2632 crinem
255 2583 333 2632 istum
344 2583 371 2631 in
387 2589 481 2632 certum
493 2583 608 2635 Deorum
626 2599 672 2633 nu·
713 2587 805 2645 partor
824 2579 905 2630 fuisse
927 2579 1031 2642 dieitur,
1056 2580 1130 2644 cujus
1153 2595 1240 2631 amore

140 2657 211 2706 mine
221 2657 359 2720 sublatum,
370 2659 433 2708 etin
444 2658 513 2709 sidus
521 2673 673 2710 conversum
712 2656 786 2707 Luna
796 2663 875 2719 capta
885 2655 918 2705 ad
936 2669 993 2705 eunt
1005 2655 1031 2705 in
1047 2655 1141 2705 Iastmo
1152 2662 1240 2707 monte

140 2731 231 2782 fuisse.
262 2731 332 2783 Illud
341 2740 427 2783 antem
438 2734 619 2797 Callimachus,
627 2735 672 2800 qui
712 2731 880 2781 dormiente
889 2730 1241 2783 exosouundumuescenon.

141 2807 326 2871 Ptoiemreum,
336 2817 446 2872 propter
455 2810 584 2873 singulare
593 2810 671 2858 bona·
711 2806 765 2857 Alil
775 2822 838 2858 vero
854 2807 977 2857 dicuntur
994 2808 1182 2874 Endymioneos
1193 2822 1240 2872 pu·

143 2897 201 2932 rum
223 2884 318 2933 artium
337 2883 460 2946 studium,
480 2885 590 2934 numinis
611 2887 670 2935 ioco
711 2898 782 2934 erum
793 2882 873 2933 fnisse
885 2883 1092 2948 pulcherrimum,
1101 2890 1129 2934 et
1139 2883 1174 2934 ob
1184 2884 1239 2934 ide

138 2955 454 3022 hauebannoel’otmate
463 2960 669 3022 complexusest.
709 2959 783 3010 Luna
794 2958 951 3021 adunretum,
968 2960 1009 3009 cui
1025 2961 1070 3009 rus
1085 2974 1101 3009 a
1116 2960 1182 3012 dore
1194 2959 1241 3011 im·

142 3033 270 3085 Quamvis
291 3039 379 3083 autem
398 3033 494 3083 Graeoe
514 3034 570 3097 ipsu
591 3035 669 3084 carti-
709 3036 834 3100 petrnvit,
845 3042 875 3084 nt
886 3035 1008 3100 quicquid
1023 3041 1140 3099 optasset
1151 3049 1239 3084 couse-

141 3108 228 3173 maebi
237 3107 338 3173 Elegia,
348 3108 417 3174 quod
429 3109 534 3173 quidem
543 3111 669 3173 noverim,
710 3117 843 3175 queretur.
866 3110 978 3173 Optavit
989 3116 1075 3160 autem
1084 3109 1239 3173 Endymion,

140 3189 282 3244 montet,
291 3183 594 3246 apodTbeonemtemen
606 3184 670 3233 Aru·
710 3192 740 3234 ut
751 3190 907 3248 perpetuum
925 3184 1049 3232 dormiret
1067 3197 1183 3232 somnum
1193 3184 1239 3232 im·

140 3258 163 3306 ti
183 3259 359 3322 interpretem
376 3259 616 3324 principium-illins
634 3260 670 3308 ie·
709 3257 1236 3321 mortuiisperseveruns,etseniiexpersr

139 3334 221 3396 gitur.
709 3332 777 3389 unde
799 3339 888 3382 netum
915 3339 957 3381 est
984 3330 1147 3393 proverbium
1172 3331 1237 3379 iilud

174 3408 192 3456 Ι
208 3408 314 3459 Triuiam
327 3409 370 3459 sab
379 3409 544 3459 himinam
554 3410 672 3474 ιιιιςιιιιι]
710 3407 778 3472 apud
788 3408 909 3457 Grecos:
928 3405 1113 3469 ‘Endymionis
1122 3419 1237 3455 somnum

138 3482 260 3533 'frtris’
276 3483 371 3534 dieitur
388 3484 481 3549 Diuus,
501 3501 559 3551 quar
578 3484 670 3535 erdem
709 3482 821 3532 dormire
828 3480 844 3542 ς’
869 3480 940 3546 quod
961 3479 1059 3530 dieitur
1075 3480 1102 3530 iu
1121 3494 1176 3544 eos,
1193 3481 1238 3548 qui

142 3559 279 3623 atlans,
291 3574 350 3625 quae
368 3566 421 3610 tres
437 3560 622 3612 ieciesbubere
632 3560 670 3610 di·
709 3557 832 3606 diutnrno
842 3554 868 3604 in
884 3555 938 3605 otio
955 3561 1088 3605 versantes
1105 3555 1181 3606 nuliis
1191 3555 1237 3608 bo*

138 3632 218 3696 citur,
237 3648 284 3684 seu
301 3635 363 3699 qnia
378 3634 487 3685 ‘trivi'm’
504 3649 614 3699 preesse
626 3650 671 3685 ex·
709 3633 789 3684 uestis
817 3632 962 3682 actionibus
995 3631 1074 3683 ritum
1102 3640 1236 3685 exerrent.

138 3708 283 3773 intimum,
302 3723 349 3760 seu
367 3710 427 3774 quia
442 3710 538 3761 dieitur
553 3711 580 3761 iu
600 3718 671 3760 terre
710 3709 806 3760 latmia
817 3722 894 3774 porro
906 3723 965 3759 soar
984 3708 1080 3759 dieitur
1093 3698 1166 3759 rnb'ns
1177 3710 1237 3758 Iret«

138 3783 259 3844 ‘Manu'
277 3786 346 3850 apud
362 3786 463 3837 inferos
480 3786 669 3852 ‘Proserpina'
710 3802 765 3836 mus
776 3788 802 3836 iu
818 3784 904 3850 Caris,
921 3785 948 3834 in
965 3801 1017 3850 qno
1029 3786 1161 3835 dormiisse
1172 3794 1238 3833 som·

138 3859 196 3910 sits
210 3860 348 3926 ‘Hecate'
358 3863 421 3912 otiu
429 3865 494 3914 coelo
509 3862 614 3913 ‘Luna'
623 3878 669 3912 sen
708 3872 769 3912 num
781 3875 852 3911 sunm
867 3860 1052 3925 Endymionem
1062 3860 1170 3923 fingunt.

136 3937 275 3990 ‘laetum'
306 3938 384 3990 Unde
393 3941 488 4004 virgil.
504 3941 583 3990 ‘Tria
595 3939 670 4003 virgi·
740 3937 820 3986 rnre
843 3935 936 3999 Conon]
963 3934 1161 3984 Mathematicus
1183 3924 1235 3981 fuit

136 4011 180 4061 m
199 4011 246 4062 ors
266 4012 378 4066 Dianoel
420 4016 563 4080 Elegrnter
582 4020 670 4064 entem
709 4013 828 4076 celebris,
845 4013 919 4076 cujus
938 4008 1054 4059 meminit
1074 4006 1193 4070 Hyginus
1205 4012 1234 4077 et

138 4085 309 4139 adumbretur
330 4089 435 4154 poetico
458 4096 604 4142 commento
625 4090 669 4140 de·
708 4089 808 4140 seneca
825 4087 869 4139 lib.
887 4101 925 4136 ar.
944 4085 1044 4136 Queat.
1056 4082 1235 4133 Naturalrubi
